3268 5050
1327 250 1363 310 21

194 439 350 506 Artemid.
383 444 413 505 5.
443 443 473 508 9.
503 439 781 526 0255110101,
811 440 927 508 helian
963 443 1022 524 frg.
1049 447 1091 510 98
1119 443 1234 510 Hereh.
1288 445 1367 511 Item

196 532 329 597 mortuis
365 551 434 596 cum
465 530 530 596 alia
559 528 644 596 dona
672 537 737 597 tum
768 531 846 613 galli
876 551 896 596 a
924 533 1111 619 propinquis
1141 532 1366 618 offerebantur,

191 619 275 704 quod
307 639 497 702 cognoscere
525 639 694 705 possumus
719 641 781 687 000
810 622 921 706 000010
949 643 988 686 ex
1018 625 1230 691 monumentis
1259 625 1367 710 sepul·

191 709 404 790 0101110001.
430 709 541 775 Rohde
564 707 615 773 Ps.
644 712 657 750 2
685 714 711 774 1.
737 713 811 775 243.
837 711 911 777 Ath.
938 711 1019 779 lllitt.
1049 715 1098 779 13.
1125 717 1176 778 78,
1201 713 1309 780 Etiam
1334 717 1367 780 in

191 799 406 884 llarpyiarum
430 799 515 884 quod
539 799 656 865 dicitur
680 799 827 886 sepulcro
856 799 979 867 Xanthi
1011 801 1126 869 effosso
1155 803 1261 886 gallus
1285 805 1368 870 inter

188 887 273 954 dona
296 888 455 955 funeralis
479 887 620 955 affertur.

279 978 344 1046 Sed
375 998 437 1063 qua
466 978 596 1044 tandem
625 977 665 1044 de
693 998 791 1045 causa
821 982 952 1048 mortuis
983 981 1063 1064 galli
1093 987 1256 1066 tamquam
1282 981 1367 1051 dona

188 1065 473 1155 proponebantur?
509 1067 605 1135 Credi
628 1088 691 1135 non
715 1075 822 1154 potest
847 1071 896 1135 vel
920 1071 1152 1155 antiquissimis
1167 1073 1366 1159 temporibus

188 1158 309 1240 gallum
337 1180 430 1225 avem
455 1164 523 1224 tam
546 1179 653 1224 raram
678 1165 709 1224 et
724 1159 900 1244 pretiosam
917 1162 1024 1244 luisse,
1049 1167 1084 1226 ut
1101 1169 1264 1247 tamquam
1283 1165 1367 1230 inter

189 1247 275 1314 dona
299 1249 577 1333 sumptuosissima
600 1247 736 1333 ideoque
760 1249 946 1330 gratissima
961 1253 1123 1316 numerari
1139 1259 1257 1337 posset.
1282 1251 1366 1318 Nam

190 1344 316 1403 constat
339 1337 443 1420 gallos
466 1345 532 1403 tam
557 1338 653 1404 facile
678 1339 815 1404 aliarum
840 1347 997 1406 terrarum
1022 1341 1111 1406 caelo
1136 1361 1171 1408 se
1187 1361 1366 1409 accommo-

190 1427 269 1493 dare
297 1435 425 1513 tamque
453 1426 587 1494 secunde
615 1429 720 1513 pullos
751 1449 932 1513 procreare,
961 1437 997 1497 ut
1020 1451 1082 1497 non
1108 1431 1205 1497 liceat
1228 1433 1365 1518 pretium

188 1515 268 1598 galli
293 1536 482 1603 comparare
506 1538 576 1583 cum
602 1537 650 1602 eo,
676 1517 761 1602 quod
786 1521 904 1584 nostris
927 1522 1125 1606 temporibus
1151 1541 1208 1606 pro
1225 1523 1365 1606 psittaco

186 1605 285 1690 pendi
316 1607 408 1690 solet,
440 1607 526 1692 quod
555 1607 813 1674 Kretschmerum
844 1608 970 1690 (Kulms
1000 1610 1183 1678 Zeitschrilt
1207 1614 1259 1677 33.
1286 1611 1366 1694 560)

189 1697 304 1762 fecisse
339 1697 446 1764 miror.
499 1696 601 1763 lmmo
636 1718 656 1763 a
690 1698 887 1784 pauperibus
917 1700 1091 1766 sacrificari
1122 1700 1225 1782 gallos
1256 1702 1366 1768 solitos

187 1805 258 1852 esse
294 1806 334 1851 ex
359 1785 530 1852 Herondae
558 1787 629 1852 loco
654 1808 680 1853 c.
707 1797 854 1873 apparet.
903 1788 965 1854 Sed
990 1790 1232 1856 reminiscamur
1254 1810 1366 1875 super-

191 1876 334 1942 stitionis
357 1875 454 1957 illius,
480 1895 542 1959 qua
566 1876 652 1956 gallo
675 1878 724 1942 vis
741 1877 932 1943 daemonum
953 1876 1048 1944 noctu
1064 1881 1276 1960 grassantium
1295 1900 1365 1964 pro·

187 1963 412 2051 pellendorum
451 1965 647 2047 attribuitur,
683 1986 785 2049 neque
815 1965 910 2032 credo
938 1967 1166 2050 dubitabimus,
1202 1970 1278 2052 quin
1305 1990 1366 2034 non

187 2063 255 2121 tam
280 2055 404 2139 pietate
428 2074 521 2139 quam
547 2065 634 2121 metu
658 2054 787 2120 adducti
806 2056 920 2123 Graeci
946 2056 1105 2124 defunctis
1129 2057 1248 2140 gallum
1267 2060 1366 2123 sacri-

188 2143 286 2209 ficare
317 2142 403 2210 soliti
433 2145 506 2225 sint,
541 2145 688 2210 nimirum
719 2154 754 2212 ut
782 2147 909 2212 animae
937 2147 1104 2215 maleficae
1129 2168 1166 2214 eo
1190 2147 1284 2213 modo
1310 2147 1365 2214 de-

188 2240 385 2299 terrerentur
413 2253 434 2300 a
461 2233 618 2300 vexandis
654 2235 843 2302 hominibus.
881 2235 1022 2320 (Eadem
1052 2238 1092 2305 de
1121 2257 1218 2306 causa
1247 2237 1366 2306 Persae

191 2321 351 2388 cadauera
383 2323 479 2404 gallis
509 2325 696 2410 aspicienda
725 2345 837 2393 curare
866 2327 1018 2412 feruutur,
1054 2329 1092 2394 01.
1121 2327 1158 2394 Ε.
1190 2328 1365 2412 Baethgen,

190 2410 240 2477 De
264 2413 294 2477 vi
319 2433 358 2477 ac
383 2414 618 2494 significatione
640 2415 718 2497 galli
743 2417 776 2481 in
801 2416 1007 2496 religionibus
1032 2426 1064 2484 et
1086 2419 1209 2485 artibus
1227 2417 1366 2484 Graeco·

187 2523 255 2568 rum
286 2510 318 2567 et
340 2502 566 2587 Romanorum,
592 2506 696 2572 Goett.
722 2505 807 2572 Diss.
836 2506 946 2586 1887.)
977 2505 1058 2572 Nam
1083 2528 1275 2591 quamquam
1301 2509 1365 2572 vim

189 2591 280 2657 illam
305 2594 479 2680 praecipue
502 2595 535 2658 in
560 2596 629 2660 avis
654 2595 721 2660 acri
745 2614 822 2660 uoce
846 2597 983 2680 positam
1002 2616 1070 2663 esse
1086 2597 1288 2663 manifestum
1307 2605 1366 2680 est,

190 2692 300 2747 tamen
323 2681 480 2766 paulatim
505 2682 601 2748 lacile
625 2685 776 2770 opinione
800 2684 999 2770 amplificata
1021 2693 1090 2752 tota
1106 2687 1175 2754 avis
1191 2706 1366 2752 averrunca

190 2770 379 2836 habebatur.
429 2771 494 2849 Quo
520 2771 618 2838 tiebat
641 2782 676 2839 ut
699 2773 856 2856 gallorum
881 2774 1002 2858 effigies
1020 2797 1137 2843 aureae
1154 2776 1363 2842 amuletorum

188 2859 259 2926 loco
285 2859 367 2926 collo
392 2881 520 2928 annena
543 2870 754 2944 gestarentur,
779 2866 868 2932 cuius
884 2868 1011 2947 generis
1027 2866 1199 2932 nonnullae
1216 2867 1366 2933 iuventae

187 2958 271 3034 sunt,
297 2951 335 3016 cf.
362 2949 458 3034 Jahn,
484 2952 658 3019 Verbandl.
684 2953 713 3019 d.
741 2955 849 3022 Sachs.
877 2955 948 3021 Ges.
977 2955 1007 3019 d.
1026 2955 1120 3022 Wiss.
1150 2959 1233 3020 1855
1257 2977 1288 3042 p.
1309 2960 1362 3024 79.

186 3039 353 3123 Baethgen
379 3061 409 3128 p.
432 3046 470 3107 10
495 3042 569 3129 sq).
601 3043 726 3111 Eadem
752 3045 792 3112 de
816 3065 913 3113 causa
936 3047 1021 3112 inter
1046 3046 1225 3114 bracteolas
1251 3067 1364 3114 aureas

185 3151 267 3216 quae
292 3132 432 3199 vestibus
457 3140 649 3200 mortuorum
667 3135 753 3202 assui
772 3135 929 3215 solebant,
956 3136 1075 3201 multae
1090 3137 1265 3217 imaginem
1282 3137 1362 3217 galli

185 3221 343 3306 praebent
367 3221 422 3303 (cl.
448 3223 616 3308 Stephani,
642 3225 675 3289 (1.
701 3226 737 3291 R.
768 3225 861 3290 1876.
891 3224 951 3287 146
976 3245 1035 3309 sq,
1063 3230 1156 3291 1877.
1183 3224 1272 3307 236).

216 3385 220 3392 ¹
278 3310 530 3395 Superstitiones
554 3333 623 3379 cum
649 3314 735 3394 gallo
761 3315 945 3380 coniunctas
961 3335 1025 3380 non
1041 3317 1145 3381 solum
1162 3334 1182 3379 a
1198 3311 1361 3400 Pythago-

186 3397 250 3462 reis
275 3398 333 3462 sed
358 3399 455 3464 etiam
482 3401 524 3464 ab
548 3401 622 3466 aliis
648 3402 826 3468 hominibus
843 3405 1073 3489 superstitiosis
1091 3405 1278 3471 observatas
1295 3422 1363 3469 esse

186 3484 394 3566 intelligimus
418 3508 458 3552 ex
481 3489 564 3554 libro
591 3487 675 3573 πεφί
700 3487 774 3574 ἱρῆς
798 3487 916 3552 νούσου
940 3493 1040 3559 Littre
1057 3495 1086 3558 6.
1110 3492 1186 3576 356,
1210 3494 1264 3557 ubi
1280 3493 1364 3558 inter

185 3573 423 3642 medicamenta
454 3578 592 3661 magica,
623 3599 704 3662 quae
732 3579 911 3645 hominibus
941 3582 1156 3647 comitialibus
1185 3600 1205 3645 a
1229 3580 1362 3646 medicis

187 3665 309 3747 ignaris
333 3667 492 3752 praesribi
523 3667 659 3750 soleant,
688 3668 721 3733 id
746 3667 888 3751 affertur,
916 3676 951 3735 ut
975 3690 1071 3736 carne
1095 3670 1278 3752 gallinacea
1302 3671 1360 3736 ab·

184 3757 334 3822 stineant.
386 3756 533 3823 Ceterum
563 3759 643 3824 haee
671 3759 785 3841 religio
815 3778 878 3824 non
902 3759 987 3826 intra
1010 3759 1089 3827 fines
1114 3759 1306 3826 Graecorum
1332 3767 1363 3825 et

184 3844 398 3912 Romanorum
436 3847 625 3931 continetur,
662 3848 717 3914 sed
754 3849 862 3916 multis
897 3849 975 3917 locis
1011 3849 1159 3937 Europae
1195 3851 1361 3935 reperitur.

184 3934 278 4003 Velut
302 3936 424 4003 Caesar
448 3936 488 4002 de
513 3936 677 4004 Britannis
702 3948 813 4005 narrat
842 3938 887 4020 (b.
913 3959 940 4019 g.
969 3943 999 4005 5.
1028 3944 1076 4004 12.
1102 3940 1152 4021 bl:
1183 3940 1360 4026 ,Leporem

184 4032 216 4091 et
245 4025 401 4108 gallinam
430 4033 463 4092 et
491 4047 635 4093 anserem
667 4034 797 4111 gustare
825 4028 874 4092 fas
899 4047 960 4094 non
986 4037 1113 4114 putant3
1150 4028 1230 4096 haec
1254 4037 1360 4094 tamen

184 4114 275 4181 alunt
303 4117 403 4182 animi
432 4115 673 4204 voluptatisque
706 4115 836 4183 causa“.
894 4116 1027 4184 Incolae
1057 4118 1192 4199 gentiles
1215 4118 1360 4200 Russiae,

182 4212 217 4270 ut
243 4205 341 4272 refert
365 4205 535 4291 Schrader,
559 4206 663 4272 Reall.
688 4229 720 4294 p.
747 4210 822 4292 324,
848 4209 981 4274 mortuis
1006 4207 1110 4290 gallos
1135 4207 1361 4274 sacrificabant

182 4302 451 4382 praeceptumque
476 4299 583 4363 carnis
608 4297 766 4379 gallorum
790 4295 973 4363 reiciendas
996 4317 1054 4384 per
1077 4306 1178 4364 totam
1195 4298 1358 4383 Europam

182 4385 466 4469 septentrionalem
492 4385 641 4452 diffusum
666 4395 724 4454 est.

271 4472 362 4552 Quod
385 4483 544 4559 auctores,
575 4479 627 4563 qui
652 4497 693 4544 ex
716 4476 890 4546 Aristotele
916 4474 1077 4558 hauriunt,
1106 4475 1146 4544 de
1171 4476 1246 4543 albo
1272 4476 1359 4558 gallo

182 4561 284 4628 uerba
308 4562 439 4646 faciunt,
463 4567 605 4652 pertinet
629 4565 671 4632 ad
696 4567 870 4649 gallicum
895 4566 962 4631 sole
987 4568 1250 4634 coniunctionem.
1276 4564 1360 4632 Nam

182 4671 253 4717 cum
278 4654 406 4720 omnino
433 4653 502 4723 deis
526 4657 649 4743 superis
666 4665 732 4723 tum
759 4655 825 4723 Soli
849 4655 974 4723 hostiae
998 4657 1093 4722 albae
1116 4656 1292 4727 sacrificari
1308 4675 1359 4723 so·
