3268 5050
720 1139 862 1211 VITA.

737 1271 844 1278 ——-

243 1308 248 1316 .
290 1341 392 1410 Natus
421 1361 489 1408 sum
522 1340 706 1408 Friderious
739 1341 916 1409 Guilelmus
946 1339 1057 1406 Victor
1088 1338 1209 1406 Boehm
1240 1338 1381 1406 Berolini

41 1486 45 1523 ι
138 1515 140 1520 ,
201 1449 278 1515 ad.
296 1449 349 1516 IV.
375 1448 454 1518 Non.
473 1450 561 1536 Sept.
586 1470 615 1515 a.
633 1447 903 1517 MDCCCLXXX
928 1456 1021 1534 patre
1039 1446 1208 1531 Guilelmo,
1242 1446 1382 1534 Sophiae
1461 1465 1464 1468 ·

188 1556 329 1625 'scholae
363 1559 517 1641 magistro
553 1564 585 1625 et
619 1557 846 1645 philosophiae
882 1556 1025 1641 doctore,
1062 1563 1166 1624 matre
1195 1555 1335 1623 Paulina
1364 1578 1381 1624 e

200 1674 293 1748 gente
310 1664 497 1732 Reinhardt.
521 1665 650 1732 Patrem
668 1667 747 1732 mihi
763 1666 880 1731 infanti
895 1672 1103 1751 praematura
1119 1671 1222 1732 morte
1235 1671 1379 1751 ereptum

199 1793 269 1840 esse
292 1793 478 1858 conqueror.
509 1773 604 1838 Fidei
625 1773 773 1838 addictus
791 1793 859 1846 sum
877 1772 1094 1854 evangelicae.
1132 1773 1260 1858 Septem
1280 1793 1380 1839 anuos

199 1886 293 1947 natus
315 1880 455 1967 Sophiae
479 1881 680 1966 gymnasium
706 1880 912 1947 Berolineuse
936 1878 1014 1962 adii,
1039 1879 1125 1966 quod
1148 1878 1381 1947 administran-

198 1988 283 2055 tibus
308 1987 467 2054 Guilelmo
490 1986 571 2055 Paul
594 1996 662 2055 tum
685 1987 851 2055 Theodoro
875 1987 995 2056 Dielitz
1018 1989 1097 2053 viris
1121 1986 1162 2054 de
1185 2007 1236 2053 me
1259 1989 1380 2074 optime

166 2089 168 2092 ’
198 2097 322 2164 meritis
344 2094 481 2163 florebat
505 2115 694 2184 semperque
718 2093 841 2164 floreat.
874 2097 967 2163 Anno
984 2095 1169 2164 hescelo
1184 2097 1381 2165 maturitatis

199 2205 383 2272 testimonio
407 2205 579 2272 instructus
603 2205 688 2272 inter
705 2206 791 2272 cives
808 2205 1038 2272 Universitatis
1053 2204 1250 2272 Litterarias
1266 2203 1380 2274 Fride·

199 2312 265 2378 rico
284 2311 463 2381 Guilelmae
480 2318 628 2399 receptus
645 2333 724 2380 sum.
757 2312 878 2381 Studiis
899 2313 1042 2382 medodi
1061 2333 1130 2382 eum
1147 2315 1379 2402 philosophicis

196 2426 229 2487 et
251 2419 413 2490 historicis
437 2429 502 2488 tum
517 2421 743 2508 philologieis.
787 2422 933 2487 Examen
962 2424 1138 2504 rigorosum
1162 2425 1298 2491 sustinui
1326 2423 1378 2491 die

149 2587 152 2590 ,
197 2527 269 2594 Vlll
298 2530 417 2595 mensis
441 2529 629 2596 Decembris
658 2530 732 2595 anni
757 2527 985 2612 Muoooclv.
1034 2532 1215 2597 Docueruut
1242 2552 1293 2599 me
1317 2531 1377 2596 viri

196 2635 391 2702 doctissimi:
419 2635 595 2720 Delhrriek,
625 2635 727 2720 Diels,
752 2635 882 2720 Heinze,
906 2635 1011 2721 Helm,
1035 2636 1230 2721 Hirschfeld,
1254 2637 1379 2706 Hekale

198 2742 238 2809 de
252 2740 446 2827 Stradonitz,
463 2743 636 2828 llirehhoff,
651 2743 758 2828 Klots,
773 2743 902 2827 Kiibler‚
916 2744 1063 2829 Paulson,
1076 2745 1209 2830 Reethe,
1223 2746 1378 2832 Schoene,

199 2850 344 2933 Schmun,
369 2850 562 2936 Sohumann,
587 2852 735 2935 Thomas,
754 2851 890 2930 Vahlen,
915 2851 1070 2938 Weutael,
1095 2853 1135 2922 do
1152 2852 1378 2925 Wilamewitz-

198 2958 421 3026 Moellendorl.
484 2958 710 3028 Prosemiuarii
741 2960 928 3049 philologici
958 2982 1018 3048 per
1046 2963 1183 3051 quinque
1212 2967 1381 3032 semestria

198 3066 317 3134 sodalis
352 3067 397 3133 sui
433 3068 624 3136 ordinarius.
682 3067 977 3136 Exercitationibus
1013 3072 1143 3139 interfui
1172 3072 1378 3160 philologieis

197 3172 316 3242 Halmii
329 3175 487 3243 historicis
497 3174 705 3244 Hirschfeldii
722 3176 975 3260 archaeologieis
992 3177 1126 3246 Kekulei
1139 3179 1182 3246 de
1191 3181 1379 3249 Stradouitu

198 3281 481 3368 palaeographieis
504 3284 653 3351 Schoenii
680 3284 912 3370 philosophicis
942 3286 1103 3353 Paulseui.
1151 3286 1271 3365 Quibus
1299 3289 1377 3354 viris

199 3387 345 3452 omuibus
384 3390 530 3476 inprimis
567 3390 690 3456 Dielsie
730 3393 853 3473 gratias
893 3392 945 3460 hie
983 3415 1044 3477 ago
1083 3414 1177 3480 quam
1218 3397 1377 3462 maximas

197 3514 387 3582 semperque
410 3505 537 3578 gratum
560 3497 696 3566 servabo
720 3499 871 3565 animum.
1358 3511 1360 3516 '
