3268 5050
278 266 318 326 18

362 455 527 532 Plutarchi
553 455 874 525 autoschediasmatis
898 454 962 542 (qu.
989 477 1079 522 conv.
1097 459 1128 520 8.
1143 459 1177 534 8)
1203 458 1330 524 reiectis
1354 477 1452 542 saepe

277 546 565 613 animadvertimus
589 547 694 632 pisces
719 567 789 613 cum
814 547 898 613 fabis
923 553 993 613 arte
1010 547 1158 628 coniungi
1175 545 1282 628 (Dieg.
1297 546 1333 612 L.
1352 550 1451 612 8.18.

275 640 326 700 33.
351 636 471 702 lambi.
496 636 535 702 V.
552 636 587 701 P.
609 635 697 718 109).
722 636 835 720 quibus
859 637 1003 702 hemines
1027 636 1143 702 timere
1165 636 1338 702 insererem
1364 656 1451 702 cem·

275 733 376 794 metes
405 726 600 792 abstinuisse
623 745 722 813 supra
746 728 960 808 cognovimus.
1008 724 1088 792 ltem
1113 724 1156 790 ad
1179 725 1296 792 inferos
1320 725 1450 791 deduci-

275 837 354 899 mur,
380 815 465 900 qued
489 814 643 881 traditum
669 823 718 881 est
742 816 935 883 Graecorum
954 817 987 880 in
1011 815 1166 897 religione
1189 815 1294 900 pisces
1317 815 1380 880 nisi
1407 815 1450 881 ad

274 925 368 972 sacra
403 905 553 972 heroibus
590 911 622 971 et
657 907 790 973 mortuis
819 906 930 973 oblata
958 903 1107 971 adhiberi
1135 904 1247 970 solitos
1277 924 1337 971 noo
1368 924 1448 971 6666.

273 995 431 1078 (Stengel,
457 993 510 1060 Gr.
530 994 703 1061 Kultusalt.
722 1017 753 1081 p.
775 996 850 1076 109)
889 996 948 1063 061
965 994 1095 1061 accedit
1111 995 1335 1076 gravissimum
1357 995 1449 1060 testi-

273 1085 425 1164 menium,
451 1083 535 1170 qued
559 1084 600 1149 de
623 1085 669 1150 eis
693 1085 845 1170 61661666,
882 1105 972 1169 ques,
988 1084 1189 1168 Pythagoras
1218 1084 1366 1150 reiecisse
1388 1083 1449 1148 ler-

272 1182 334 1258 tur,
357 1175 494 1256 legimns
519 1173 637 1240 lambi.
662 1173 702 1239 V.
727 1173 762 1239 P.
791 1178 868 1241 109:
897 1170 949 1235 καὶ
973 1167 1176 1257 μελανούρου
1199 1167 1236 1234 δὲ
1258 1167 1447 1250 ἀπέχεσθαι

273 1253 485 1347 παρήγγελλε,
513 1259 660 1342 χθονίων
687 1258 748 1346 γαρ
778 1255 866 1325 ἔστιν
888 1265 979 1324 θεῶν
1001 1257 1055 1324 καὶ
1080 1254 1254 1347 ἔροθρῒνον
1277 1256 1322 1346 μή
1347 1278 1449 1346 προσ-

271 1346 451 1432 λαμβάνειν
482 1347 527 1414 διἱ
555 1347 649 1436 ἕτερα
676 1354 813 1414 τοιαῦτα
839 1350 1134 1432 αἲτια161.Ρ1611.
1161 1352 1228 1432 21).
1274 1351 1448 1418 1616161661

271 1443 369 1524 igitur
391 1443 472 1508 haec
495 1443 623 1526 quidem
647 1442 783 1529 piscium
807 1462 927 1524 genera
951 1461 1020 1508 esse
1044 1443 1250 1528 putabantur,
1274 1443 1383 1525 itaque
1408 1442 1448 1524 ei,

272 1534 325 1617 qui
353 1532 552 1614 vescebatur,
583 1531 760 1599 timendum
790 1541 870 1616 erat,
901 1553 940 1597 ne
969 1530 1097 1596 illerum
1123 1531 1204 1595 iram
1228 1531 1260 1595 in
1285 1551 1320 1597 se
1344 1531 1446 1615 ipsum

272 1630 472 1690 converteret
529 1623 605 1688 Sine
629 1620 725 1686 dubio
751 1621 864 1686 eadem
889 1630 960 1687 erat
983 1641 1090 1702 causa,
1115 1640 1178 1705 qua
1201 1627 1328 1705 mystae
1351 1621 1448 1686 Eleu·-

271 1712 344 1776 sinii
369 1720 400 1777 61
424 1711 574 1778 mulieres
597 1712 630 1776 in
655 1711 764 1776 Haleis
782 1710 982 1778 celebrandis
1006 1710 1072 1776 illis
1096 1710 1237 1797 piscibus
1255 1710 1340 1776 vesci
1357 1718 1447 1775 veta-

272 1802 396 1867 bantur.
421 1823 451 1867 v.
476 1802 618 1868 Lebech.
643 1800 716 1881 Agl.
745 1804 816 1869 191.
843 1801 950 1868 Schol.
975 1799 1018 1867 ad
1041 1799 1173 1866 Lucian.
1199 1799 1276 1864 dial.
1303 1819 1378 1865 mer.
1393 1820 1444 1887 ap.

270 1890 394 1974 Rehde,
410 1891 460 1957 Kl.
476 1891 563 1958 Sclrr.
580 1894 609 1956 2.
624 1891 698 1955 366.
746 1890 896 1957 Ceterum
920 1911 978 1973 ege
1004 1889 1129 1974 quidem
1155 1909 1212 1975 pre
1238 1895 1324 1956 certe
1342 1889 1445 1954 babeo

271 1982 553 2069 superstitionibus
578 1983 662 2046 vires
687 1980 877 2046 Homericae
901 1983 1018 2048 aetatis
1036 1985 1211 2047 commotos
1228 1980 1370 2064 piscibus
1384 1979 1443 2043 nisi

270 2091 392 2136 summa
416 2072 608 2136 necessitate
632 2078 759 2136 coaetos
776 2090 839 2135 nen
858 2073 954 2152 vesci,
971 2092 1000 2136 v.
1017 2069 1109 2135 Hem.
1124 2068 1183 2136 Od.
1198 2065 1226 2132 d.
1242 2068 1307 2132 368
1319 2090 1355 2147 μ.
1368 2071 1444 2132 330.

361 2160 480 2238 Quibus
504 2160 597 2224 rebus
622 2178 692 2224 cum
718 2158 846 2223 dubium
873 2179 943 2224 6666
967 2178 1028 2223 666
1052 2159 1166 2243 666611,
1191 2159 1265 2242 quin
1284 2159 1388 2243 pisces
1402 2157 1445 2222 ad

270 2250 387 2317 inferes
411 2249 606 2334 pertineant,
631 2248 663 2312 in
688 2249 761 2332 ipsa
785 2249 973 2330 quaestione
990 2246 1210 2328 diiudicanda,
1235 2267 1299 2330 qua
1314 2246 1443 2312 tandem

270 2358 367 2404 causa
396 2339 485 2404 illam
515 2338 671 2403 rationem
701 2339 784 2402 inter
807 2344 956 2420 utrosque
979 2335 1179 2401 intercedere
1202 2335 1325 2418 antiqui
1349 2344 1442 2421 6616-

269 2430 382 2512 verint,
406 2428 473 2493 fieri
498 2448 562 2493 non
586 2432 702 2513 potest,
725 2435 841 2492 utrem
859 2435 926 2492 tam
943 2432 1090 2512 apertam
1106 2425 1273 2506 faciamus,
1300 2431 1334 2488 ut
1349 2444 1442 2489 neme

269 2520 335 2584 iam
364 2517 404 2584 de
432 2537 510 2584 vera
537 2518 661 2600 origine
690 2517 780 2585 buius
810 2515 974 2597 religionis
1004 2515 1168 2598 ambigere
1199 2515 1311 2600 pessit,
1361 2511 1442 2580 Nam

268 2629 338 2674 eum
362 2609 486 2695 antiqui
511 2607 551 2674 de
576 2608 636 2674 hac
660 2629 694 2673 re
719 2607 799 2672 nihil
823 2607 1012 2693 praebeant,
1036 2605 1079 2670 ad
1102 2605 1237 2671 aliorum
1253 2605 1443 2692 populorum

268 2699 433 2784 opiniones
458 2698 676 2779 confugiamus
700 2717 830 2764 necesse
854 2705 912 2781 est,
938 2716 1020 2781 quae
1043 2703 1152 2762 tameo
1176 2695 1353 2762 66166666
1378 2694 1442 2760 661-

270 2790 380 2855 1161661
404 2789 447 2856 ad
470 2807 580 2854 omnes
605 2787 820 2853 dubitationes
845 2787 1015 2853 tollendas.

357 2878 443 2945 Fieri
468 2884 633 2964 potestat
657 2877 769 2958 religio
792 2876 852 2942 illa
875 2885 947 2942 orta
970 2879 1013 2941 sit
1031 2878 1076 2942 eis
1095 2875 1304 2960 temporibus
1328 2875 1442 2959 quibus

268 2968 383 3035 Graeci
419 2967 470 3034 vel
506 2968 611 3052 potins
640 2966 778 3032 maiores
809 2965 1063 3044 Indogermanici
1092 2984 1199 3030 eorum
1230 2963 1270 3029 de
1300 2964 1442 3047 piscibus

267 3059 351 3124 idem
381 3058 546 3138 sentirent,
583 3077 621 3122 ae
657 3076 739 3122 6666
768 3054 912 3120 nonnulli
942 3054 1052 3139 pepuli
1080 3052 1193 3118 inculti
1222 3072 1261 3116 ac
1288 3053 1359 3133 feri,
1388 3053 1440 3136 qui

268 3155 383 3233 putant
411 3149 516 3234 pisces
547 3166 645 3227 genus
669 3146 819 3226 anguium
850 3141 960 3222 esse*).
1010 3143 1097 3208 Sicut
1120 3142 1260 3223 Andros,
1283 3139 1439 3222 Ethuegr.

268 3237 339 3302 Par.
369 3242 394 3300 1.
425 3240 485 3300 125
510 3236 608 3302 refert
631 3253 741 3301 omnes
766 3235 830 3300 1616
855 3234 1001 3299 Η6611166
1034 3232 1163 3298 Africae
1193 3229 1359 3297 orientalis
1389 3231 1440 3317 pi-

266 3328 355 3392 cibus
380 3327 553 3408 abstinere,
579 3345 649 3391 cum
667 3325 778 3390 dicant
793 3325 898 3410 pisces
916 3343 984 3390 6666
1001 3341 1131 3404 angues.
1177 3319 1265 3388 ldem
1281 3321 1441 3386 invenitur

267 3416 354 3503 apud
378 3435 486 3484 omnes
509 3412 632 3496 Negres
656 3414 786 3480 Africae
814 3412 1046 3492 meridionalia,
1076 3412 1127 3497 qui
1153 3411 1258 3496 pisces
1283 3430 1440 3476 6616666

267 3507 395 3593 quidem
425 3513 559 3588 tangere
588 3504 707 3570 audent
769 3502 840 3569 Iure
869 3503 1050 3569 Schurtnius
1080 3501 1157 3583 (Die
1186 3499 1440 3588 Spoiseverbete,

266 3598 433 3675 Hamberg
451 3595 547 3675 1893)
565 3594 658 3660 addit
674 3601 881 3680 praecepium
900 3592 1015 3659 rituale
1032 3591 1219 3658 ludaeorum
1236 3591 1283 3655 eis
1298 3589 1440 3676 piscibus

266 3689 311 3753 611
347 3688 530 3766 1611161661,
571 3687 624 3772 qui
659 3685 776 3771 pinnas
801 3690 833 3748 61
856 3702 1024 3768 squameas
1050 3701 1112 3747 non
1138 3680 1271 3760 habent;
1302 3680 1438 3745 sienim

267 3777 415 3858 anguium
446 3775 587 3841 manime
610 3773 731 3840 similes
756 3778 828 3838 sunt
853 3775 898 3858 ip.
924 3776 990 3842 23).
1037 3771 1124 3836 idern
1149 3769 1190 3836 dc
1214 3766 1318 3835 Numa
1341 3776 1440 3834 rettu-

266 3869 350 3933 lerat
380 3865 510 3932 Cassius
542 3864 690 3945 Hemina,
720 3885 748 3926 v.
773 3862 854 3928 Plin.
881 3865 932 3924 32.
959 3864 1018 3926 20:
1051 3859 1174 3945 ,Numa
1196 3856 1377 3940 6666111611,
1405 3866 1440 3923 61

267 3958 382 4042 616666,
408 3955 462 4039 qai
480 3954 641 4038 squamosi
658 3973 720 4018 uon
739 3959 854 4034 essent,
872 3953 905 4015 ni
921 3951 1135 4036 pollucerent.
1147 3946 1204 4031 ..“,
1229 3948 1312 4032 qued
1329 3968 1439 4031 quam·

265 4067 362 4131 quam
388 4045 525 4110 Gemina
549 4043 686 4108 Numam
710 4042 909 4127 parsimonia
933 4049 1112 4126 permotum
1137 4038 1340 4123 praecepisse
1363 4056 1438 4102 eon-

336 4240 361 4308 *)
381 4237 566 4306 Temporibus
591 4237 733 4291 historicis
761 4236 859 4290 Graeci
880 4249 988 4302 semper
1006 4249 1110 4300 angues
1129 4237 1159 4286 61
1177 4231 1268 4298 pisces
1288 4230 1440 4298 distingue·

264 4314 337 4377 bant,
356 4310 412 4364 nisi
431 4309 503 4377 qued
516 4309 667 4376 anguillam
680 4324 697 4361 a
711 4307 811 4361 ceteris
825 4306 947 4375 piscibus
961 4305 1137 4374 separabant,
1157 4308 1187 4356 61
1199 4303 1278 4357 Hem.
1294 4303 1324 4354 ll.
1339 4301 1364 4351 d>
1378 4306 1439 4354 203:

262 4385 302 4436 rba
323 4381 365 4453 μὲν
385 4378 425 4450 ἄρ’
444 4379 557 4450 ἐγχέλυές
576 4398 600 4431 τε
620 4379 661 4430 aed
680 4377 759 4448 ἰχθύες
779 4375 949 4447 ἀμφεπένοντο,
970 4374 1044 4445 ὃημον
1064 4371 1211 4444 ἐρεπτόμενοι
1230 4371 1378 4442 ἐπινιφρίδιον
1392 4373 1439 4424 1161-

264 4473 349 4524 ροντες,
370 4454 428 4508 6166
448 4453 531 4506 dubie
551 4451 624 4520 qued
643 4451 792 4520 anguillam
811 4451 884 4503 inter
903 4464 1008 4516 angues
1028 4447 1218 4500 numerabant.
1252 4441 1438 4515 (ἔγχελυς-ἔχις-

262 4523 503 4594 anguis-anguilla,
522 4523 604 4592 plura
623 4522 751 4590 exempla
769 4521 904 4590 praebent
923 4519 1042 4588 Curtius,
1064 4521 1108 4571 111.
1129 4517 1173 4570 Ε1.
1194 4516 1278 4572 ⁶193.
1293 4517 1437 4578 Schrader,

263 4598 351 4652 Reall.
374 4597 409 4667 1.)
