3268 5050
1361 241 1403 306 39

226 437 413 526 populomm
441 443 558 519 exstat,
589 445 622 504 et
652 437 881 505 Germanorum
907 435 971 519 (W.
998 441 1072 504 574.
1098 437 1179 519 610)
1205 443 1237 503 31
1254 436 1402 504 lndomm

227 527 297 613 (Fr.
322 527 507 608 Follr-Lore
534 532 560 590 l.
590 532 674 608 157).
711 527 759 593 Eo
785 529 881 607 enim,
906 526 989 611 quod
1013 547 1180 609 scoparum
1205 546 1279 592 usus
1304 526 1339 593 lit
1363 527 1405 594 ad

232 627 443 701 purgamenta
467 617 652 699 everrenda,
676 637 758 699 quae
781 617 927 683 omnibus
948 618 979 681 in
998 617 1274 698 superstitionibus
1291 620 1321 682 11
1337 638 1406 682 ma-

228 709 302 789 gica
337 705 485 789 praedita
521 713 552 770 et
580 706 789 773 daemonibus
819 707 962 772 subiecta
986 726 1055 772 esse
1079 714 1215 787 constat,
1249 706 1318 772 lieri
1342 727 1406 772 non

226 798 337 880 potuit,
374 797 449 879 quin
473 797 566 880 ipsae
589 816 707 878 scopae
731 797 773 862 ab
798 796 977 862 hominibus
1002 797 1234 877 superstitiosis
1258 797 1404 863 reformi-

226 886 387 952 darentur.
435 884 560 950 Eodem
598 885 684 952 fonte
719 905 780 967 quo
815 887 875 952 hoc
910 885 1088 972 symbolum
1125 886 1192 950 alia
1220 887 1403 968 superstitio

224 975 376 1060 Europae
411 974 578 1041 orientalis
612 974 715 1057 duxit,
751 996 844 1058 quam
881 976 978 1042 refert
1013 974 1132 1042 Kranss
1167 974 1188 1041 1.
1214 995 1240 1040 3.
1265 997 1295 1058 p.
1326 979 1403 1040 184:

228 1063 354 1148 „Neque
378 1064 524 1130 homines
552 1085 653 1147 neque
684 1065 802 1132 bestias
825 1066 930 1147 scopis
954 1065 1049 1131 ferire
1071 1066 1121 1130 fas
1146 1073 1205 1148 est,
1229 1086 1304 1131 nam
1329 1085 1403 1148 pro-

225 1155 334 1237 pinqui
371 1154 421 1220 uel
456 1153 595 1237 pecudes
622 1155 766 1220 ferientis
791 1155 903 1221 31133
927 1161 1121 1236 evertentur,
1157 1154 1274 1235 idest,
1309 1157 1402 1221 morti

226 1240 426 1310 tradentur“.
473 1242 560 1308 ldem
585 1243 626 1310 de
642 1243 774 1311 Wendis
793 1249 904 1310 narrat
921 1244 1150 1326 Veckenstedt‚
1166 1243 1279 1311 Wend.
1298 1244 1402 1326 Sagen

225 1341 285 1400 etc.
309 1355 340 1415 p.
365 1336 440 1396 445.
465 1335 507 1416 4,
532 1332 607 1399 461.
633 1338 685 1397 71.
733 1333 858 1400 Deinde
881 1334 952 1416 quis
976 1335 1089 1415 nescit,
1113 1354 1209 1416 quarn
1232 1342 1301 1401 arte
1317 1333 1402 1416 apud

226 1430 351 1489 nostros
379 1441 495 1504 scopae
523 1441 593 1487 cum
619 1422 771 1489 maleficis
794 1423 991 1504 mulieribus,
1016 1442 1095 1507 quas
1122 1420 1272 1507 „Heren“
1299 1426 1402 1489 norni-

225 1520 314 1594 uant,
345 1531 486 1578 conexae
509 1513 583 1580 sint.
631 1513 712 1591 Quin
737 1515 835 1580 etiarn
860 1513 1033 1581 Bohemiae
1056 1514 1166 1580 rustici
1191 1512 1324 1579 creduut
1348 1513 1403 1579 bo·

224 1603 327 1668 mines
350 1601 513 1686 improbos
536 1611 610 1684 post
634 1611 769 1670 mortem
793 1605 825 1670 in
850 1623 965 1690 scopas
989 1604 1152 1669 immutari
1169 1622 1273 1687 posse.
1321 1601 1402 1668 Item

224 1699 350 1758 vetatur
373 1710 501 1758 mensas
526 1700 559 1758 et
582 1711 714 1758 scamna
737 1694 844 1778 scopis
868 1694 962 1776 verri,
987 1712 1061 1757 nam
1083 1694 1111 1759 si
1133 1694 1202 1775 quis
1218 1694 1251 1757 in
1269 1712 1399 1759 scamno

224 1781 283 1846 7311
306 1779 401 1846 modo
425 1787 562 1866 purgato
587 1781 766 1849 consederit
788 1785 823 1847 in
847 1782 990 1848 morbum
1007 1802 1136 1862 gravem
1153 1783 1319 1848 incasurus
1341 1791 1400 1864 est,

225 1869 290 1952 (W.
315 1870 396 1952 609)
424 1871 573 1934 nimirum
598 1891 729 1936 scamna
752 1873 858 1953 scopis
882 1879 971 1939 73373
994 1870 1116 1936 uiribus
1139 1872 1274 1951 magicis
1298 1872 1401 1937 imbu-

225 1967 329 2041 untur,
365 1980 464 2041 quare
493 1959 636 2026 homiues
665 1960 846 2027 sedentes
871 1960 992 2026 inillis
1017 1983 1037 2026 3
1061 1959 1270 2026 daemonibus
1294 1964 1403 2046 oppri-

225 2056 361 2115 muntur.
401 2048 453 2115 Ex
470 2049 531 2113 hac
547 2053 706 2117 sententia
722 2049 815 2116 fluxit
830 2057 862 2116 et
878 2051 1009 2117 Hesiodi
1027 2057 1231 2132 praeceptum
1249 2070 1301 2136 op.
1320 2053 1400 2118 780:

314 2132 390 2221 μηδ’
414 2131 466 2200 ἐπ’
488 2131 691 2222 α’κινήτοισιν
714 2136 901 2218 καθιζέμεν,
925 2135 965 2201 od
987 2135 1048 2222 γάρ
1071 2133 1205 2218 ἄμεινον
1219 2137 1286 2205 κτλ.

314 2235 346 2294 37
369 2227 545 2314 symbolum
570 2224 628 2290 ἐπὶ
652 2225 797 2308 χοίνικος
818 2223 863 2314 μῆ
886 2226 1080 2309 καθιζειν.*)

314 2317 479 2397 Quomodo
502 2319 621 2386 factum
647 2321 699 2400 sit,
723 2326 758 2386 ut
782 2320 879 2386 modii
904 2342 925 2386 3
948 2319 1157 2386 daemonibus
1180 2319 1334 2388 fascinari
1348 2338 1400 2385 so-

224 2408 291 2474 lere
314 2409 509 2494 putaverint,
534 2430 596 2476 non
621 2411 725 2491 magis
749 2416 840 2492 patet
863 2429 958 2491 quam
983 2430 1046 2491 qua
1069 2409 1109 2475 de
1126 2429 1222 2476 causa
1239 2409 1323 2492 apud
1342 2409 1402 2476 Go-

222 2497 343 2564 lumell.
368 2501 399 2564 8.
418 2502 448 2563 5.
469 2499 509 2563 16
534 2498 638 2565 3111113
662 2500 783 2565 1133113
808 2500 895 2564 etin
920 2499 1145 2581 superstitione
1170 2499 1399 2566 Germanorum

221 2588 363 2654 cratibus
387 2588 440 2654 vel
464 2589 537 2653 aliis
562 2589 751 2654 rusticorum
774 2589 995 2654 instmmentis
1018 2587 1174 2653 eiusmodi
1201 2589 1247 2653 113
1264 2588 1400 2655 attribu-

221 2686 303 2744 atur.
351 2676 446 2760 Apud
472 2677 554 2744 31133
579 2697 702 2760 333333
726 2685 838 2758 gentes
863 2676 1005 2743 modium
1023 2678 1074 2743 131
1090 2677 1210 2744 similia
1227 2697 1307 2743 1333
1324 2676 1401 2741 dae-

221 2766 367 2832 monibus
391 2766 532 2832 obnouia
557 2768 662 2848 putari
687 2767 794 2849 colligi
819 2773 925 2849 potest
949 2788 988 2832 ex
1010 2767 1238 2849 superstitione
1259 2765 1400 2849 quadam

220 2855 506 2938 Francogallorum
543 2854 671 2933 (Franz.
696 2857 826 2939 Abergl.
856 2877 907 2940 ap.
935 2857 1114 2939 Liebrecbt‚
1140 2857 1235 2923 Gerr.
1261 2856 1291 2922 d.
1317 2856 1396 2922 Tilb.

220 2966 252 3028 p.
266 2949 339 3009 220.
356 2944 428 3028 24):
455 2946 504 3012 On
527 2966 568 3012 ne
590 2949 732 3031 spauroit
755 2955 920 3030 exemptor
940 2946 980 3014 de
994 2946 1092 3029 peche
1105 2966 1185 3013 ceux
1199 2947 1250 3030 qui
1264 2953 1401 3012 mettent

220 3035 261 3100 du
277 3036 324 3102 331
338 3035 394 3120 (de
405 3035 474 3103 3313
486 3035 529 3103 311
542 3035 714 3106 daemones
727 3038 918 3104 avertendos
932 3037 1075 3104 adhibito
1088 3037 1127 3104 cf.
1141 3038 1225 3104 inira
1236 3058 1267 3119 p.
1282 3039 1325 3100 44
1335 3036 1399 3122 33.)

220 3124 301 3193 dans
329 3126 363 3192 13
386 3127 560 3209 11313773,
596 3128 636 3193 de
660 3149 737 3211 peur
761 3126 852 3210 qu’on
878 3127 908 3192 n'
934 3127 1087 3209 empdcbe
1109 3126 1141 3193 13
1165 3128 1276 3193 beurre
1301 3125 1342 3192 de
1365 3146 1399 3192 se

219 3216 308 3281 faire.
356 3215 490 3284 Frustra
506 3217 612 3284 adbuc
628 3217 735 3286 studui
754 3215 839 3300 apud
853 3217 1000 3299 antiquos
1013 3217 1154 3298 reperire
1167 3215 1250 3299 quod
1264 3214 1400 3298 quadret

219 3305 251 3368 in
280 3304 341 3370 hoc
367 3306 559 3390 symbolum,
595 3307 761 3373 simillime
785 3314 890 3372 autem
915 3312 988 3371 suut
1011 3306 1091 3372 haec
1114 3310 1289 3388 praecepta
1312 3307 1399 3370 iuco-

219 3393 323 3458 larum
347 3393 497 3459 Palatiae
531 3398 703 3477 superioris
731 3397 911 3477 montisque
936 3395 1053 3477 Vosegi
1079 3393 1142 3472 (W.
1167 3393 1264 3476 620):
1303 3393 1398 3478 „Man

221 3479 296 3546 darf
321 3481 387 3546 sich
413 3482 502 3550 nicht
524 3483 581 3548 aui
593 3483 662 3548 den
688 3485 852 3564 Baclrtrog
874 3491 991 3566 setueu,
1022 3490 1110 3550 sonst
1133 3483 1215 3550 wird
1239 3483 1297 3549 das
1322 3483 1399 3549 Brot

220 3568 380 3652 spindig“.
417 3577 449 3636 et
474 3570 589 3655 Sauub,
613 3573 766 3639 Folklore
803 3572 859 3639 des
884 3572 1004 3639 Hautes
1029 3572 1151 3652 Vosges
1176 3593 1206 3654 p.
1232 3574 1314 3636 383:
1353 3571 1398 3652 „11

219 3661 288 3725 faut
310 3679 346 3726 se
369 3659 489 3743 garder
511 3681 583 3730 sous
606 3664 700 3746 peine
726 3661 765 3726 de
788 3661 934 3728 malheur
958 3661 998 3725 de
1021 3660 1131 3743 placer
1155 3660 1289 3744 quelque
1311 3660 1399 3746 objet

219 3770 280 3833 que
304 3769 340 3816 ce
362 3751 426 3818 soit
449 3769 504 3816 sur
527 3773 570 3817 un
593 3751 710 3834 petrin,
734 3750 877 3834 pendant
900 3770 960 3833 que
983 3749 1017 3816 13
1041 3748 1117 3833 pite
1140 3757 1188 3817 est
1203 3769 1241 3816 en
1258 3749 1397 3817 fermen-

219 3837 354 3907 tatiou“.
391 3839 510 3907 Tamen
534 3841 602 3909 fieri
627 3849 742 3925 potest,
766 3850 801 3907 37
826 3842 884 3907 boc
907 3847 1112 3924 praeceptum
1136 3839 1269 3906 minime
1285 3859 1397 3922 super·

219 3931 376 3997 stitiosum
401 3931 452 3996 317.
499 3928 582 3997 Nam
606 3931 749 4018 proiecto
774 3931 977 3998 fermentatio
998 3931 1123 3996 farinae
1146 3935 1234 3996 motu
1250 3930 1395 4012 quamuis

217 4019 379 4087 leuissimo
403 4019 585 4104 impeditur.

290 4286 317 4352 *)
338 4285 439 4340 Mirum
462 4286 492 4340 in
511 4286 621 4340 modum
640 4292 668 4341 et
687 4301 834 4354 scoparum
854 4286 970 4340 ethaeo
990 4284 1151 4352 superstitio
1172 4284 1347 4354 coniungitur
1366 4285 1395 4339 in

220 4357 347 4412 orientali
366 4357 484 4426 quedam
503 4357 642 4428 opinione,
662 4357 793 4482 311311ζί
812 4356 1002 4425 Morgenltnd.
1016 4355 1190 4423 Abergleube
1210 4357 1239 4410 in
1257 4356 1306 4410 der
1324 4362 1398 4410 rbm.

218 4428 385 4491 Kaiserzeit,
406 4429 502 4484 Zschr.
521 4429 570 4484 deu
590 4429 708 4484 Vereins
727 4428 747 4482 i.
795 4426 886 4484 ollrek.
906 4433 921 4481 3
941 4427 1035 4498 (1893)
1054 4431 1087 4480 23
1108 4443 1147 4496 sq.
1186 4427 1256 4481 lbid.
1277 4431 1324 4484 32:
1350 4429 1396 4498 „Si

218 4502 281 4570 3313
300 4499 381 4556 dicit:
411 4500 504 4555 Inside
524 4502 625 4570 scopis,
655 4507 685 4555 ut
713 4501 820 4566 somnia
850 4500 952 4555 babeas
979 4499 1024 4553 uel
1043 4514 1076 4553 ne
1098 4498 1220 4554 1113111333
1241 4501 1342 4568 scopis,
1362 4517 1396 4554 ue

218 4572 326 4628 somnia
345 4571 458 4642 habeus,
477 4571 549 4627 inter
567 4588 657 4627 mores
677 4587 846 4642 paganorum
866 4571 1022 4627 habendum
1041 4570 1110 4626 3ι7“.
