3268 5050
274 465 465 532 aversusque
488 446 576 530 iacit,
599 445 657 512 sed
682 447 756 514 dum
781 448 859 514 iacit
885 447 984 533 ,haec
1007 459 1066 530 ego
1091 449 1182 514 mitto

210 539 211 542 ’
274 535 356 620 1ιιι“,
379 537 483 621 inquit
508 536 650 621 ,redimo
676 558 789 622 meque
812 557 961 622 meosque
984 535 1101 604 iahis“.

272 626 332 692 hoc
354 627 486 693 noviens
510 626 589 692 dicit
575 633 671 692 tnec
694 628 834 713 respicit.
812 628 974 693 tumhra
996 633 1127 713 putatur

272 716 423 798 colligere
448 723 480 782 et
503 716 628 782 uullot
614 723 707 798 terga
730 715 862 783 vidente
885 715 1021 801 sequit).

253 804 335 872 Item
359 805 454 871 fabae
478 804 678 872 adhibebant
664 813 726 889 tur,
750 826 821 872 cum
846 806 959 873 dicbus
975 806 1198 893 parentalibus
1214 805 1272 888 (ab
1291 806 1344 872 die

163 891 238 960 11111
265 895 308 960 ad
331 893 410 961 XXI
434 895 552 962 mensis
576 894 796 978 Februarii)t
782 897 913 962 tumulis
943 896 1059 983 epulae
1086 897 1343 983 imponebantur,

164 983 223 1050 Ov.
246 983 338 1052 Fast.
357 988 386 1048 2.
406 987 482 1068 533,
506 984 655 1050 Varrol.
681 985 725 1091 1.,
740 986 900 1091 quemad
923 1006 1045 1053 morem
1069 986 1172 1053 resero
1197 985 1279 1073 Lyd
1305 985 1345 1053 de

164 1094 264 1142 mens.
289 1078 320 1139 4.
345 1072 461 1178 42(p.
486 1077 529 1142 99
554 1073 637 1157 W).
665 1068 785 1136 ιοι·’του
808 1068 923 1182 χάριν
928 1069 977 1150 εἰς
1004 1069 1082 1150 τούς
1110 1066 1278 1161 τάφους
1270 1071 1343 1137 birt-

162 1183 275 1226 τονιαι
305 1163 364 1246 (sc.
393 1158 424 1225 οἱ
448 1156 582 1244 κύαμοι)
607 1159 692 1248 ὑπὲρ
715 1161 878 1271 σωτηρίας
901 1158 1102 1270 ανθρώπων,
1125 1171 1158 1230 ιι
1144 1164 1264 1231 ιιΡ1ιι
1241 1173 1343 1250 tqu.

164 1253 257 1320 Rom.
283 1257 336 1322 95:
362 1246 447 1356 πρός
469 1275 510 1315 τοι
535 1249 734 1358 περίδειπνα
756 1250 810 1315 καὶ
833 1247 893 1328 τοις
917 1246 1114 1339 προκλήσεις
1137 1275 1203 1317 τιον
1226 1255 1345 1339 νεκρῶν

162 1337 311 1421 μάλιστα
334 1343 475 1426 χρῶνται
498 1343 569 1416 τοῖς
593 1336 756 1447 ὀσπρίοις.

257 1433 399 1500 Graecos
428 1452 551 1537 quoque
579 1432 701 1500 labis
692 1454 725 1498 vn
756 1454 823 1501 mor
825 1434 887 1499 tuis
911 1453 929 1500 e
930 1433 1078 1508 tinleris
1103 1431 1246 1499 colendis
1270 1451 1344 1500 usos

165 1541 239 1589 esse
268 1531 361 1608 apert
362 1522 388 1589 is
348 1523 608 1589 ttestimoniis
643 1543 836 1609 quamquam
864 1524 966 1589 evinci
998 1543 1061 1589 non
1089 1530 1207 1610 potest,
1237 1532 1342 1588 tamen

164 1631 213 1695 co,
251 1611 337 1696 quod
366 1619 490 1697 mystae
521 1613 567 1680 eis
597 1613 815 1698 abstinebant,
851 1613 989 1679 similem
1019 1633 1128 1680 earum
1157 1615 1221 1678 vim
1249 1613 1345 1679 fuisse

163 1709 262 1787 atque
286 1700 373 1789 apud
396 1701 558 1768 Romanos
582 1702 690 1783 colligi
714 1702 800 1785 licet,
827 1722 903 1768 nam
927 1704 1133 1786 omniafere,
1159 1702 1272 1790 quibus
1295 1701 1344 1766 illi

163 1794 210 1857 uti
248 1791 452 1873 vetabantur,
489 1791 532 1857 ad
567 1791 740 1858 daemones
776 1793 933 1859 animales
964 1799 997 1857 οι
1025 1793 1144 1858 inferos
1172 1793 1344 1879 pertinent,

165 1900 299 1965 quorum
330 1881 360 1944 vi
390 1881 534 1946 homines
562 1880 664 1966 pollui
693 1885 900 1966 potabantur,
929 1902 959 1946 v.
989 1882 1071 1966 inpr.
1101 1880 1212 1947 Rohdc
1235 1880 1287 1946 Ps.
1316 1885 1342 1945 l.

166 1973 231 2034 287
258 1990 304 2056 sq.
336 1972 395 2032 271
424 1989 470 2055 sq.
502 1972 530 2034 2.
560 1974 617 2033 171
645 1989 693 2056 sq.
740 1970 952 2058 Pythagorae,
976 1972 1052 2058 quin
1081 1971 1226 2058 profecto
1256 1989 1344 2038 esum

164 2059 315 2126 fabarum
333 2059 398 2125 suis
414 2059 444 2123 in
447 2060 626 2141 ιι,ιιιιιιιιιι
652 2061 782 2126 minime
798 2059 1010 2127 dubitandum
1028 2067 1089 2144 est,
1112 2058 1344 2146 permultisque

164 2149 362 2232 auctoribus,
386 2149 438 2233 qui
464 2149 524 2215 hoc
548 2150 588 2215 de
612 2149 798 2235 Pythagora
822 2150 1090 2238 prodidcrunt—
1108 2171 1184 2216 nam
1210 2169 1287 2235 quos
1310 2151 1343 2214 in

164 2241 278 2326 capite
301 2239 463 2305 nominavi
488 2241 671 2320 gravissimi
695 2249 822 2307 tantum
839 2249 975 2308 sunttes
1042 2239 1177 2306 —tides
1195 2239 1345 2306 habenda

163 2338 224 2396 ιιι.
260 2328 396 2435 Quodsi
422 2330 510 2398 Arist
497 2339 633 2398 toxenus
658 2331 755 2408 (Gell.
774 2335 813 2395 4
827 2323 1284 2434 11.3)ιιιιιι11οι)αρόρας
1309 2324 1345 2390 δὲ

163 2420 232 2526 apic
257 2412 407 2501 ὄσπρίιον
429 2410 575 2496 μαλιστα
597 2413 654 2480 adv
666 2414 739 2498 κύαι
741 2438 789 2481 ιον
806 2415 1007 2498 ιδοκίμαοιν,
1031 2413 1213 2480 letabunda
1229 2438 1265 2478 τι
1282 2437 1344 2502 γαρ

162 2527 254 2570 ιιναι
279 2501 595 2592 καιδιαχωρηιικόι.
621 2501 751 2569 διὸκαὶ
775 2499 969 2585 μάλισιοι’
935 2527 1088 2592 κεχρηιαι
1111 2502 1228 2588 αιίιῦι,
1253 2506 1345 2574 dubi-

163 2598 233 2662 tari
258 2604 455 2681 nonpottes
481 2599 556 2681 quin
580 2595 830 2681 eiPythagorei‚
857 2597 971 2680 quibus
996 2597 1052 2662 illc
1076 2596 1237 2684 cadebat,
1262 2617 1345 2681 qnae

161 2686 203 2752 dc
246 2685 431 2770 Pythagora
465 2683 698 2770 discipulisque
732 2687 838 2751 eiust
824 2686 935 2768 tradit,
975 2685 1118 2772 profecto
1157 2686 1344 2766 magistrum

162 2795 292 2840 morem
315 2773 404 2836 illum
429 2773 619 2839 observasse
643 2776 841 2857 negaverint,
865 2795 933 2839 cum
958 2775 1086 2841 omuino
1111 2775 1219 2840 omuia
1242 2775 1283 2840 ab
1307 2796 1345 2842 eo

165 2870 383 2942 removerent,
408 2882 489 2946 quac
513 2863 637 2949 priscas
662 2863 832 2946 religiones
857 2872 889 2930 et
905 2865 1148 2951 superstitiones
1165 2863 1347 2930 redolerent

165 2952 226 3036 (cf
251 2949 436 3018 Rohchl.
462 2952 606 3018 Schn2.
636 2957 695 3017 107
721 2950 800 3058 sq.)

261 3041 333 3107 Jam
359 3043 472 3108 existit
495 3044 640 3148 quaestio
664 3044 867 3126 gravissima,
897 3064 959 3128 qua
983 3044 1112 3110 tandem
1138 3064 1235 3111 causa
1258 3064 1344 3111 com·

166 3138 247 3198 ιιιοιι
239 3131 399 3216 antiqui
429 3140 554 3200 tantam
579 3133 644 3199 vim
668 3134 751 3199 fabis
775 3134 989 3200 attribuerint.
1021 3133 1079 3198 Cui
1103 3132 1279 3200 solvendae
1303 3134 1344 3200 ab

165 3221 344 3288 Aristotele
373 3241 472 3307 usque
501 3223 544 3289 ad
567 3233 677 3290 nostra
701 3231 849 3310 tempora
874 3223 964 3289 multi
990 3223 1050 3287 viri
1076 3230 1108 3288 et
1132 3220 1217 3289 docti
1242 3229 1275 3289 et
1297 3224 1346 3287 in-

165 3311 255 3376 docti
280 3331 411 3397 operam
434 3312 601 3395 dederunt,
625 3333 756 3397 quorum
780 3314 921 3380 omnium
947 3315 1124 3380 sententias
1157 3332 1344 3378 enumerare

165 3401 300 3480 longum
325 3408 382 3467 est.
430 3403 639 3485 Antiquorum
665 3403 705 3468 de
723 3403 784 3468 hac
802 3423 836 3468 re
852 3403 1037 3470 testimonia
1054 3401 1185 3482 collegit
1201 3400 1344 3483 Olekius,

165 3487 245 3554 PW.
264 3491 295 3570 3,
315 3492 343 3570 1,
359 3509 391 3572 p.
409 3486 484 3553 618.
503 3491 544 3553 62
562 3510 621 3576 sq,
637 3492 720 3556 inter
732 3494 925 3558 recentiores
941 3494 1071 3560 uberius
1087 3491 1171 3557 hanc
1184 3491 1345 3575 quaestio·

167 3598 244 3644 nem
279 3585 500 3645 tractaverunt
527 3579 718 3662 Lobeckius,
748 3581 820 3663 Agl.
852 3583 925 3645 251
956 3580 1248 3685 sq.„Wuenschius
1277 3580 1345 3644 Das

165 3667 406 3748 Friihlingslcst
434 3667 492 3734 der
514 3667 599 3735 Insel
622 3669 736 3750 Malta,
760 3674 796 3734 31
826 3689 885 3754 sq,
914 3671 1088 3756 praecipue
1116 3669 1159 3734 ad
1184 3669 1344 3736 Romano-

167 3777 240 3822 rum
264 3757 409 3822 sabarum
433 3756 619 3840 religionem
645 3768 736 3845 spect
722 3767 863 3843 tantt
827 3769 863 3824 ιιι
886 3779 983 3846 supra
1000 3760 1150 3844 diximus,
1175 3780 1257 3846 quac
1278 3759 1345 3827 dis-

168 3847 269 3912 seruit
293 3847 422 3914 Orosius
444 3845 504 3913 Rh.
530 3847 611 3915 Mus.
637 3852 689 3918 39.
719 3848 780 3914 164
804 3869 888 3936 sq.

243 3988 268 4056 *ι
290 3987 376 4056 Quam
396 3987 465 4041 mira
484 4003 679 4057 nonnunquam
699 3989 735 4043 sit
755 3988 946 4044 convenientia
969 3988 1027 4043 sive
1047 4005 1113 4044 casu
1133 3989 1190 4044 sive
1205 3988 1265 4057 lege
1279 4005 1345 4058 qua·

169 4059 232 4114 darn
257 4060 357 4114 mentis
376 4061 512 4114 humanae
533 4060 605 4114 inter
622 4060 773 4128 religiones
792 4059 957 4143 populorum
976 4059 1225 4114 diversissimorum
1245 4060 1346 4114 docent

171 4146 241 4200 quae
260 4131 399 4186 Frauerus
418 4128 504 4184 tradit
522 4135 558 4194 (3.
574 4131 626 4200 82):
646 4130 759 4186 Ultimis
779 4131 912 4200 cuiusque
932 4131 996 4185 anni
1015 4131 1170 4186 noctibus
1162 4147 1190 4183 ιιι
1204 4131 1345 4200 plerisque

171 4202 298 4258 domibus
316 4204 487 4272 Japanorum
508 4201 692 4256 caerimoniae
712 4202 847 4272 quaedam
865 4209 1042 4327 pteraguntur,
1061 4217 1131 4271 quas
1148 4209 1249 4256 vocant
1267 4217 1346 4256 exor-

171 4273 286 4327 cismum
305 4273 447 4330 daemonis
468 4273 543 4328 mali
579 4273 663 4328 Pater
689 4273 811 4328 familias
829 4279 907 4328 veste
925 4274 1050 4342 pretiosa
1069 4273 1180 4327 indutus
1198 4272 1345 4340 gladioque

174 4343 282 4398 cinctus
300 4345 392 4400 media
410 4351 492 4400 nocte
511 4345 620 4400 domum
639 4351 727 4399 totam
746 4345 907 4414 perlustrat.
944 4345 1030 4398 Manu
1049 4345 1163 4399 sinistra
1180 4349 1273 4411 portat
1293 4345 1346 4397 cis·

172 4413 267 4468 tellam
285 4413 359 4472 labis
379 4415 463 4472 tostis
482 4417 656 4486 completam,
676 4432 711 4471 ex
730 4432 784 4486 qua
802 4417 900 4471 iterum
914 4423 996 4484 atque
1009 4415 1109 4470 iterum
1122 4415 1203 4469 fabas
1216 4414 1346 4469 disiectat

171 4485 285 4542 vocibus
304 4488 418 4572 magicis
438 4487 529 4557 editis,
549 4503 663 4558 quarum
684 4493 727 4543 est
745 4503 860 4542 sensus:
879 4487 963 4542 Exite
982 4487 1140 4555 daemones,
1159 4486 1259 4541 intrate
1278 4485 1345 4540 divi·

169 4555 253 4612 tiae“.
291 4557 327 4612 ci.
347 4560 431 4614 etiam
451 4559 568 4624 Samter,
589 4558 796 4614 Familienfcste
815 4556 864 4613 der
883 4559 930 4614 Gr.
950 4575 976 4628 p.
997 4565 1022 4615 ιι.
