3268 5050
1368 276 1410 340 29

237 482 308 539 erat
331 472 413 538 ferro
438 471 469 536 in
494 467 622 550 templis
647 468 690 534 ad
713 467 795 534 talia
816 467 874 547 uti,
898 464 982 532 ultro
1006 466 1179 532 cavebatur
1202 467 1255 548 (of.
1281 467 1408 537 Henzen

233 559 253 624 l.
280 581 305 627 o.
338 560 378 627 de
412 561 532 642 templo
569 556 660 624 lovis
694 557 802 623 Liberi
838 554 1082 637 Furfoniensis).
1130 555 1245 624 Postea
1281 557 1406 624 demum

233 657 338 716 mento
367 649 527 716 hominnm
558 649 652 729 paulo
677 648 742 712 iam
767 645 926 712 adultiora
951 665 1024 712 usus
1048 646 1253 713 metallorum
1277 647 1408 716 liberior

231 737 326 805 fiebat
359 746 390 806 et
417 739 513 805 facilc
543 738 681 820 perspici
711 743 817 819 potest
847 735 993 802 homines
1017 736 1157 801 utilitato
1181 757 1220 802 ac
1243 738 1275 801 vi
1299 759 1405 805 eorum

231 830 330 896 semel
367 830 496 910 cognita
531 847 570 894 ea
606 826 649 892 ad
686 826 858 892 daemones
895 825 1087 892 avertendos
1122 826 1233 892 valida
1264 826 1405 895 duxisse.

232 917 295 983 Sed
319 925 503 984 manserunt
534 917 671 998 vestigia
702 917 788 981 illius
809 915 968 996 opinionis
992 916 1180 999 antiquioris
1203 923 1234 983 ιι
1258 917 1287 981 in
1312 919 1405 984 rebus

231 1009 340 1088 sacris,
377 1017 412 1075 ιιι
442 1028 511 1073 cum
537 1007 603 1072 alia
629 1017 693 1072 tum
719 1007 806 1086 logos
831 1003 907 1070 illac
932 1023 1044 1072 saonae
1068 1004 1194 1087 docent,
1225 1014 1257 1073 et
1280 1007 1312 1073 in
1341 1010 1406 1074 vita

231 1098 405 1164 cotidiana.
453 1096 503 1162 Ea
539 1098 634 1178 enim,
670 1115 751 1182 quae
787 1114 858 1159 cum
888 1093 1095 1161 daemonibus
1126 1095 1307 1180 cohaerent,
1343 1119 1406 1164 non

230 1189 332 1253 solum
358 1186 493 1254 delubra
516 1185 646 1251 deorum
669 1186 811 1268 polluere
836 1181 894 1249 sed
918 1184 1017 1248 etiam
1041 1185 1169 1250 omnino
1187 1184 1306 1252 homini
1323 1194 1406 1254 tam·

231 1297 325 1360 qnam
351 1277 534 1360 perniciosa
556 1274 720 1342 reicienda
743 1294 814 1340 esse
838 1273 1114 1339 existimabantur.

321 1367 577 1449 Digressionibus
602 1372 637 1431 nt
661 1365 783 1446 magnis
808 1364 856 1429 ita
879 1364 1069 1430 necessariis
1086 1383 1123 1431 eo
1141 1362 1269 1430 deducti
1286 1386 1404 1452 sumus,

231 1465 268 1525 ut
290 1457 354 1522 iam
379 1457 490 1542 paucis
514 1475 640 1521 sensum
666 1453 803 1542 symboli
828 1453 992 1539 explicare
1008 1453 1183 1520 valeamus.
1224 1456 1300 1520 Cum
1320 1459 1403 1524 enim

230 1547 313 1612 inter
349 1548 452 1612 multa
487 1546 675 1612 daemonum
700 1543 860 1610 maleficia
883 1543 1074 1629 saepissime
1098 1543 1133 1609 id
1156 1546 1346 1630 reperiatur,
1370 1556 1405 1615 ut

228 1637 364 1704 feminas
404 1635 529 1702 steriles
567 1637 617 1701 vel
652 1642 779 1720 partum
815 1654 947 1714 gravem
979 1632 1126 1715 reddant,
1162 1643 1309 1720 apertum
1345 1646 1403 1722 est,

228 1747 284 1793 cur
318 1728 351 1792 in
385 1725 497 1791 liberis
532 1723 743 1810 procreandis
779 1724 991 1825 periculosum
1023 1723 1114 1789 habi
1101 1731 1168 1790 um
1196 1726 1238 1791 sit
1226 1727 1404 1795 tleminas

227 1822 415 1882 ornamenta
437 1836 477 1880 ιιι
495 1835 572 1880 auro
590 1812 828 1879 daemonum
798 1833 830 1876 vr
851 1813 972 1877 imbuo
990 1812 1055 1876 fact
1043 1820 1158 1915 tagest
1160 1834 1225 1880 are.
1257 1815 1402 1882 Eandem

227 1906 358 1972 subesse
392 1904 604 2006 suspicionem
640 1901 736 1966 Plinii
765 1901 873 1966 verbis
902 1901 1050 1984 arbitror,
1087 1903 1139 1986 qui
1171 1901 1191 1965 l.
1213 1902 1235 1966 l.
1265 1907 1333 1987 (33,
1346 1907 1403 1990 84)

227 1996 381 2078 pergit:,
319 1993 513 2074 t,tEst
482 1999 513 2058 et
541 1992 601 2074 ipsi
629 1989 790 2074 superlato
818 1991 867 2056 vis
894 1989 1040 2056 malefica
1063 1991 1256 2073 gallinarum
1282 2014 1404 2079 quoque

228 2091 260 2150 et
284 2083 504 2166 pecuariorum
528 2079 670 2147 loturis‘fi

317 2171 454 2256 Operam
472 2170 608 2254 dedi,t
572 2178 608 2237 ιιι
622 2172 653 2235 ιιι
671 2169 732 2236 hoc
743 2169 887 2255 symbolo
900 2169 1093 2252 explicando
1110 2177 1167 2236 ιιιι
1169 2171 1251 2257 iquis
1264 2176 1403 2243 maxime

228 2263 419 2330 testimoniis
442 2223 558 2329 uterer’.
606 2259 753 2327 Eandem
777 2266 883 2326 autem
909 2279 977 2326 esse
1000 2262 1064 2327 vim
1089 2262 1292 2329 metallorum
1317 2265 1403 2348 apud

226 2351 540 2419 (ιιιιιιιιιιιιιιιοι
493 2353 589 2419 tious
617 2351 704 2416 orbis
729 2357 840 2432 gentes
792 2348 980 2417 tdocent
1003 2350 1056 2417 Fr.
1086 2356 1112 2417 l.
1127 2355 1191 2416 345
1216 2373 1262 2441 sq.
1312 2353 1402 2440 Blau,

222 2443 279 2508 Alt
266 2442 440 2527 tjfrdisches
465 2441 697 2508 Zauberwesen
722 2462 752 2523 p.
782 2443 854 2507 159.
875 2437 946 2521 W§
971 2443 1046 2505 581.

223 2623 279 2726 22)
304 2617 509 2699 δακτύλιοιι
497 2613 542 2723 μή
568 2614 676 2704 φόρει.
701 2617 821 2684 dambl.
848 2616 940 2683 Ριοιι·
943 2621 1018 2683 .21.
1043 2618 1144 2686 Clem.
1158 2626 1265 2687 strom.
1282 2626 1401 2691 5...528

221 2705 267 2794 μῆ
221 2711 410 2794 ιφοριῖν
440 2703 553 2770 στενὸν
582 2704 761 2772 δακτύλιον.
793 2706 933 2774 Androc.
962 2728 1015 2793 ap.
1044 2708 1130 2794 Pspl.
1156 2709 1178 2774 l.
1204 2730 1230 2776 o.
1255 2711 1401 2780 Mantiss

224 2819 314 2884 prov.
341 2802 371 2864 2
400 2802 437 2862 17
463 2797 513 2881 (P.
539 2801 568 2862 2.
596 2796 686 2880 761).

314 2889 587 2971 Superstitionem,
624 2908 704 2971 quae
728 2885 802 2952 huic
825 2886 972 2972 symbolo
1003 2887 1120 2972 subest,
1156 2891 1400 2976 perspiciemus,

222 2997 291 3044 oum
328 2976 483 3062 quasdam
516 2978 685 3043 multarum
716 2976 842 3043 illarum
875 2978 1138 3045 caerimoniarum
1169 2980 1400 3065 antiquissimis

221 3088 261 3134 ex
297 3068 491 3150 temporibus
528 3075 725 3135 servatarum
755 3077 828 3134 cont
815 3066 990 3147 t,ulerimus
1022 3069 1135 3151 quibus
1165 3070 1233 3136 vita
1260 3069 1399 3138 flaminis

221 3156 475 3240 Dialisregebat
477 3179 521 3224 ur.
551 3157 631 3223 Fab.
644 3157 714 3222 Pict
701 3164 789 3240 tap
804 3157 886 3224 Gell.
904 3163 952 3222 10.
964 3159 1163 3225 155:refer
1183 3159 1398 3242 ,Dialemm

220 3245 317 3313 anulo
343 3248 390 3312 uti
418 3249 478 3315 nisi
506 3249 615 3330 pervio
643 3266 796 3332 cassoque
823 3247 872 3313 las
902 3268 966 3314 ιιοιι
994 3253 1063 3313 est.
1078 3252 1150 3326 (
1153 3248 1188 3331 )
1153 3246 1375 3317 Nodum
1366 3273 1398 3316 ιο

220 3337 313 3418 apice
342 3357 444 3420 neque
474 3338 506 3402 in
536 3338 640 3402 cinctu
668 3357 769 3421 neque
803 3337 835 3402 in
863 3339 929 3404 alia
958 3344 1050 3420 parte
1078 3297 1176 3404 ullum
1207 3339 1342 3405 habet..

221 3423 594 3506 (12)Etbederamet
617 3426 725 3490 sabam
750 3445 852 3510 nequo
875 3436 1009 3509 angere
1027 3426 1115 3493 Dralr
1140 3448 1207 3494 mos
1231 3435 1280 3496 cst
1295 3450 1398 3514 neque

223 3510 422 3581 nominare“.
470 3515 509 3580 cf.
535 3514 623 3580 Festi
648 3515 889 3596 epitomatorem
908 3516 1095 3599 Paulump.
1122 3519 1174 3581 58.
1197 3516 1307 3582 leb.
1312 3521 1397 3638 ,qui

220 3603 391 3670 interdicto
408 3603 575 3671 bedcraet
563 3603 745 3686 tangendae
765 3602 871 3669 addit.
899 3624 975 3688 „pro
997 3626 1034 3671 ιο
1052 3605 1134 3691 quod
1151 3605 1295 3672 odera'
1266 3605 1396 3674 vrncit.

221 3692 384 3760 Hedera
375 3695 435 3776 rgit
436 3714 473 3760 ur
422 3693 604 3760 ntodus
633 3693 745 3760 anulus
774 3694 862 3777 quasi
896 3694 1043 3780 symbola
1071 3703 1163 3762 erant
1190 3697 1396 3782 vinculorum,

220 3803 301 3868 quae
325 3785 466 3850 maxime
482 3784 524 3848 ab
542 3783 645 3849 Dialis
662 3805 732 3850 cum
750 3803 881 3867 corporo
897 3792 963 3852 tum
978 3786 1086 3851 anima
1099 3785 1213 3852 abesse
1226 3785 1395 3854 debebant.

219 3873 315 3940 Cuius
352 3875 487 3941 rationis
517 3874 719 3957 simplicitas,
756 3884 836 3959 quae
866 3875 979 3943 similis
1007 3883 1057 3942 est
1086 3876 1226 3959 gentium
1258 3877 1395 3944 ferarum

218 3964 398 4030 rudissiruis
428 3964 643 4048 opinionibus,
676 3962 771 4030 docet
798 3986 838 4031 eu
862 3966 1093 4049 antiquissimis
1117 3966 1313 4051 temporibus
1337 3967 1396 4034 has

217 4051 356 4119 flaminis
382 4055 486 4120 llialis
515 4055 728 4120 caerimonias
759 4061 861 4120 ortum
891 4063 1046 4140 repetere.
1095 4055 1216 4121 Tamen
1244 4077 1306 4123 non
1336 4056 1394 4124 du-

219 4142 306 4207 bium
335 4151 396 4225 est,
427 4145 502 4229 quin
534 4144 688 4298 superstit
676 4145 720 4208 ιιο
749 4143 840 4210 buius
868 4145 1066 4230 symbolit
1034 4146 1131 4211 etiam
1157 4145 1384 4249 antiquiort
1342 4147 1394 4226 sit,

219 4252 290 4296 nam
316 4233 430 4298 iterum
456 4237 584 4319 atque
575 4256 583 4297 ι
588 4240 690 4298 terum
717 4233 749 4297 iu
775 4233 908 4300 historia
924 4234 1088 4316 relrgronrs
1111 4241 1143 4300 ι
1159 4235 1394 4321 superstitionis

218 4341 276 4401 cog
278 4322 435 4387 noscimus
471 4333 647 4408 praecepta
682 4330 714 4387 et
750 4323 841 4388 instit
843 4329 1060 4408 utasuperstr
1065 4326 1147 4391 ιιοιι
1176 4346 1193 4390 ι
1220 4327 1285 4390 vita
1309 4343 1404 4391 com-

218 4409 303 4474 muni
329 4404 454 4494 pulsa
445 4432 477 4476 ιιι
504 4413 625 4498 templa
649 4410 779 4477 deorum
805 4413 982 4494 confugere.

307 4497 502 4584 Quamquam
528 4501 614 4586 apud
632 4501 799 4566 Homerum
818 4502 982 4567 anulorum
999 4502 1114 4569 nonfit
1102 4503 1249 4568 tment'o
1252 4509 1391 4584 ,tarnen

219 4587 430 4654 rnultidudine
456 4593 572 4656 nostris
596 4590 796 4675 temporibus
820 4597 1018 4676 repertorum
1036 4591 1233 4670 colligis
1160 4597 1267 4670 pot
1269 4612 1390 4672 ,usnrn
