3268 5050
1357 269 1399 330 35

222 467 353 535 deorum
388 467 504 533 cultum
542 466 679 534 conferri
714 464 849 551 possint,
884 464 1019 531 alterum
1048 469 1098 530 est
1121 463 1161 529 de
1185 463 1282 530 certis
1304 462 1399 529 rebus

221 559 308 625 vitae
343 557 525 625 cotidianae
560 557 669 639 eisque
704 554 879 620 vilissimis.
927 552 1018 631 ouon
1054 553 1205 619 abhorret
1232 552 1273 618 ab
1297 552 1399 618 lorma

222 648 341 714 usitata
377 654 552 713 ceterorum
589 643 804 730 symbolorum
834 643 984 709 omnium.
1031 642 1136 728 Atque
1165 641 1313 727 equidem
1336 660 1400 708 non

222 736 344 818 dubito,
369 737 443 823 quin
475 736 556 802 haec
579 734 813 801 inconcinnitas
829 731 1004 799 Iamblicho
1028 731 1080 798 vel
1104 732 1227 798 auctori
1249 730 1317 796 eius
1341 729 1399 798 de·

224 826 335 892 beatur
370 835 466 911 atque
501 827 616 912 opinor
654 831 779 910 partem
811 823 951 909 priorem
985 821 1122 908 symboli
1145 841 1204 908 pro
1228 840 1399 902 argumen-

220 917 343 982 tatione
377 915 522 982 inferiori
562 915 741 1001 praemissa
783 910 1005 998 accipiendam
1040 930 1121 995 esse,
1157 912 1248 996 quasi
1273 909 1400 977 dicatur

220 999 295 1068 1111
308 999 370 1088 γὰρ
390 1001 522 1078 τούτοις
536 998 685 1088 reparent
703 1002 753 1068 vel
769 1002 860 1064 θεῶν
875 998 936 1084 yo'p
953 993 1047 1067 εἰσιν.
1083 999 1207 1087 ltaque,
1222 1006 1259 1066 ut
1274 1019 1400 1086 semper

221 1094 287 1160 1111
311 1096 461 1179 antiquas
479 1093 760 1181 interpretationes
777 1098 834 1157 aut
849 1091 976 1157 omnino
993 1096 1049 1156 aut
1066 1090 1208 1174 aliquam
1223 1091 1256 1155 in
1272 1097 1399 1177 partem

222 1182 418 1251 omittendas
446 1203 516 1252 esse
546 1183 760 1266 cognovimus,
784 1182 832 1247 ita
856 1180 908 1247 bic
931 1199 1054 1266 quoque
1078 1179 1265 1246 conabimur
1280 1178 1399 1245 indicio

222 1293 284 1339 non
308 1281 544 1360 praeoccupato
568 1273 611 1339 ad
634 1271 815 1358 symbolum
839 1270 1066 1356 explicandum
1086 1269 1232 1354 aggredi.
1279 1267 1400 1336 Tamen

223 1362 438 1444 intelligemus
468 1363 527 1430 hoc
549 1361 729 1450 symbolum
752 1378 943 1427 unum-esse
966 1378 1076 1426 eorum
1100 1380 1182 1445 quae
1206 1358 1249 1426 ad
1273 1359 1400 1425 enucle-

224 1450 310 1518 anda
333 1453 388 1518 via
410 1453 451 1519 ab
474 1453 649 1539 interprete
672 1451 802 1536 antiqno
827 1455 1005 1518 monstrata
1030 1449 1249 1533 ingredientes
1265 1454 1334 1515 tuto
1356 1447 1400 1514 ad

223 1541 343 1608 calcem
367 1545 535 1628 pervenire
558 1561 737 1631 possumus.

311 1630 508 1699 Recordatus
524 1653 644 1714 eorurn,
662 1651 743 1717 quae
758 1650 857 1716 supra
874 1629 915 1698 de
931 1649 1080 1716 cupresso
1096 1627 1246 1714 diximus,
1263 1629 1399 1697 fortasse
1511 1702 1513 1708 ,

221 1719 343 1787 1111111
366 1721 447 1790 haec
471 1742 595 1809 quoque
619 1727 795 1808 praecepta
817 1719 894 1786 inde
916 1727 988 1787 orta
1008 1739 1090 1802 esse,
1114 1717 1199 1804 quod
1215 1739 1279 1786 non
1296 1719 1400 1786 solum

222 1811 363 1896 cupressi
388 1811 444 1877 sed
469 1813 567 1878 etiam
593 1819 769 1878 ceterarum
788 1810 937 1876 arborum
954 1808 1041 1875 cedri
1056 1808 1140 1874 lauri
1156 1828 1290 1893 quereus
1302 1811 1400 1894 myrti

221 1899 312 1982 ligna
343 1901 578 1985 pretiosissima
601 1906 704 1984 erant,
740 1897 823 1984 quod
847 1919 963 1986 quercu
985 1905 1123 1984 exe-epta
1145 1894 1242 1964 facile
1267 1897 1400 1965 demon·

223 1990 320 2055 strari
342 1998 460 2075 potest.
508 1990 663 2056 Trnbibus
687 1988 824 2056 cedrinis
848 1995 880 2055 et
903 1989 1081 2076 cupresseis
1106 1988 1229 2073 templa
1251 1998 1285 2055 et
1308 1987 1400 2055 aedi·

222 2078 297 2144 licia
321 2080 638 2161 magnificentissima
654 2079 860 2161 ornabantur,
883 2086 918 2146 ut
933 2078 1086 2165 templum
1099 2077 1226 2145 Dianae
1237 2077 1401 2165 Ephesiae

223 2166 397 2255 (Theophr.
427 2171 457 2236 11.
482 2171 526 2257 pl.
553 2173 584 2234 5.
609 2173 639 2234 4.
666 2172 695 2234 2.
720 2168 802 2234 Plin.
831 2167 882 2233 16.
906 2167 998 2250 213.)
1044 2167 1205 2255 Apollinis
1241 2167 1400 2235 Uticensis

224 2257 281 2336 (ib.
310 2257 359 2322 16.
386 2255 466 2341 216)
491 2261 541 2328 vel
565 2261 674 2342 regiae
696 2257 878 2347 Persepolis
903 2257 1006 2342 (Gurt.
1032 2261 1061 2324 3.
1088 2261 1119 2323 7.
1144 2260 1179 2341 5)
1204 2265 1237 2325 11
1256 2257 1399 2326 Ecbata-

224 2366 335 2413 norum
352 2347 479 2436 (Polyb.
503 2355 551 2416 10.
570 2353 610 2414 27
633 2353 697 2424 10).
728 2349 817 2415 Arca
833 2347 974 2434 Cypseli,
998 2347 1213 2414 clarissimum
1230 2349 1400 2434 Olympiae

222 2446 453 2519 ornamentum,
478 2439 648 2507 secundum
672 2438 866 2505 Pausaniam
891 2439 937 2521 (5.
966 2442 1015 2502 17.
1043 2432 1317 2521 2111111111
1341 2457 1400 2499 111-

223 2525 367 2612 ποίηται,
395 2523 516 2604 ζώιδια
543 2525 580 2591 dd
608 2524 783 2613 ἐλέφαντος
810 2521 864 2589 ἐπ’
887 2521 1000 2610 αὐτῆς,
1028 2519 1068 2588 coi
1097 2521 1133 2586 δὲ
1156 2528 1278 2609 χρυσοῦ
1300 2520 1340 2588 τοὶ
1364 2521 1400 2588 δὲ

223 2611 277 2677 καὶ
302 2609 338 2692 ἐξ
360 2612 461 2702 αὐτῆς
487 2612 577 2680 ἐστιν
600 2610 796 2701 εἰργασμένα
818 2616 876 2700 τῆς
899 2610 1032 2699 κέδρου..
1064 2613 1114 2680 Ι)1
1137 2614 1221 2680 lauri
1245 2622 1278 2682 et
1302 2615 1401 2700 myrti

224 2705 311 2786 ligno
341 2705 407 2771 iam
431 2707 533 2774 minus
557 2707 637 2774 certi
660 2725 778 2790 sumus,
803 2707 878 2788 quia
902 2710 1032 2797 propter
1054 2704 1276 2772 infirmitatem
1300 2725 1402 2787 neque

226 2792 269 2858 ad
303 2793 537 2862 aedificandum
571 2816 673 2880 neque
702 2795 745 2862 ad
775 2793 993 2877 exsculpenda
1021 2795 1115 2875 signa
1143 2793 1262 2862 idonea
1291 2802 1400 2878 eraut3

225 2891 333 2950 tamen
362 2905 432 2951 cum
463 2907 526 2952 una
554 2908 627 2954 cum
656 2885 752 2953 cedro
776 2892 809 2952 et
832 2903 982 2968 cupresso
1007 2892 1232 2953 enumerentur
1254 2886 1340 2953 inter
1363 2905 1402 2951 ea

225 2973 324 3058 ligna,
360 2975 473 3058 quibus
509 2977 648 3044 Galenus
684 2974 891 3060 philosophus
925 2973 1054 3041 Indicus
1082 2974 1262 3042 Alexandri
1289 2975 1402 3057 Magni

224 3071 300 3129 ante
329 3066 437 3133 oculos
464 3067 571 3134 vivum
596 3087 631 3133 se
654 3066 797 3133 comburi
818 3065 922 3147 iussit,
952 3065 1050 3132 etiam
1072 3065 1132 3130 illa
1156 3066 1235 3131 satis
1259 3066 1402 3148 pretiosa

224 3153 320 3220 luisse
344 3154 600 3223 concludendum
624 3161 681 3224 est.
729 3155 844 3222 Totum
868 3155 953 3220 enim
976 3153 1057 3220 illud
1075 3154 1166 3221 funus
1184 3154 1401 3221 voluntarium

224 3261 345 3308 summo
369 3253 494 3326 sumptu
512 3246 737 3313 exornabatur.
764 3245 803 3310 11.
817 3243 887 3310 Ael.
901 3264 931 3309 v.
946 3243 976 3308 11.
994 3247 1024 3307 5.
1040 3242 1071 3307 6.
1117 3243 1238 3309 Tamen
1255 3244 1400 3310 omnibus

225 3329 275 3394 his
303 3333 506 3417 testimoniis,
536 3336 652 3417 quibus
681 3335 840 3417 permulta
869 3332 947 3398 1111
976 3337 1117 3414 possunt,
1147 3332 1227 3398 nihil
1255 3332 1400 3400 eflicitur.

226 3418 288 3482 Res
319 3417 476 3486 humanae
507 3427 602 3505 enim,
631 3442 764 3505 quarum
787 3424 822 3487 in
844 3441 936 3487 usum
965 3422 1046 3488 haee
1069 3422 1159 3503 ligna
1182 3422 1320 3488 conferri
1344 3441 1400 3487 ve·

226 3513 345 3589 tantur,
373 3514 439 3574 tam
464 3511 616 3592 parvulas
639 3511 803 3593 postulant
826 3509 1013 3592 particulas,
1042 3516 1078 3576 ut
1100 3511 1334 3592 ineptissimum
1359 3509 1402 3574 sit

225 3595 372 3677 cuiquam
406 3599 484 3665 vitio
519 3600 665 3666 luxuriae
700 3598 789 3681 dare,
818 3597 903 3680 quod
931 3597 1012 3664 forte
1041 3597 1081 3664 de
1108 3599 1201 3664 trabe
1232 3617 1402 3681 cupressea

225 3684 365 3751 assulam
389 3687 432 3753 ad
456 3686 567 3756 dentes
590 3688 757 3756 fodiendos
781 3685 948 3754 deciderit.

313 3774 374 3841 Hic
397 3787 574 3859 opportune
598 3778 690 3844 nobis
711 3777 849 3844 occurrit
864 3777 1100 3857 argumentatio
1117 3776 1303 3859 interpretis
1316 3777 1400 3843 anti·

225 3865 289 3948 qui,
314 3865 366 3949 qui
391 3864 476 3933 dixit
500 3867 549 3933 his
574 3868 671 3950 lignis
695 3867 773 3935 deos
797 3866 948 3934 colendos
971 3884 1050 3932 esse.
1099 3866 1183 3933 Sane
1200 3867 1228 3932 si
1243 3866 1401 3933 huiousui

225 3955 388 4020 destinata
404 3962 506 4038 erant,
531 3959 576 4024 eis
597 3957 640 4024 ad
656 3977 706 4024 111
722 3957 878 4042 humanas
895 3955 1041 4042 quamuis
1059 3956 1191 4037 exiguas
1207 3956 1296 4022 abuti
1312 3956 1402 4023 111111

225 4043 408 4111 habendum
432 4053 511 4112 1111.
559 4046 807 4114 Honorabantur
829 4053 937 4113 autem
961 4044 1014 4112 dei
1038 4044 1087 4110 his
1111 4044 1218 4128 lignis,
1242 4065 1324 4130 quae
1346 4065 1402 4111 ex·

225 4140 319 4216 cepta
353 4155 469 4219 quercu
504 4137 588 4203 inter
621 4135 802 4204 suffimenta
837 4137 958 4219 optime
983 4134 1104 4202 olentia
1126 4145 1209 4218 sunt,
1244 4136 1277 4200 in
1301 4135 1402 4200 saeris

225 4222 379 4288 iaciendis
404 4223 568 4292 adhibitis.
616 4226 695 4292 Tum
718 4227 827 4293 laurus
853 4243 985 4312 quereus
1005 4231 1128 4311 myrtus
1145 4224 1188 4290 ad
1204 4231 1308 4293 certos
1325 4224 1401 4291 deos

225 4311 401 4378 referuntur
417 4315 612 4401 multumque
629 4316 784 4382 valentin
800 4316 929 4382 illorum
945 4313 1041 4380 cultu.
1088 4314 1228 4382 Laurum
1242 4313 1401 4398 Apollinis

225 4419 295 4465 esse
318 4403 518 4470 notissimum
542 4411 603 4489 est,
628 4407 836 4490 quamobrem
862 4411 894 4470 et
916 4405 951 4467 in
975 4402 1173 4472 divinatione
1196 4406 1285 4471 etin
1308 4404 1402 4471 rebus

224 4491 427 4574 purgatoriis,
462 4513 593 4579 quorum
621 4504 788 4579 utrumque
811 4493 971 4576 Apollinis
999 4493 1112 4576 religio
1136 4493 1402 4576 amplectebatur,

224 4579 292 4645 eius
315 4600 405 4648 usum
427 4582 618 4669 invenimus,
643 4585 727 4651 sicut
741 4582 860 4670 Pythia
882 4583 915 4647 in
938 4583 1076 4650 oraculis
1101 4581 1218 4648 dandis
1241 4582 1326 4649 lauri
1348 4601 1402 4648 co·
