3268 5050
321 766 542 851 Symbolerum
567 765 838 850 Pythagoreorum
869 765 926 831 sub
960 766 1087 831 nomine
1116 785 1198 850 quae
1229 767 1410 852 ascripto·

232 855 319 920 ribus
343 856 482 940 antiquis
506 855 678 922 traduntur
694 855 884 932 sententiae,
908 875 960 922 res
977 854 1215 942 amplectuntur
1231 855 1412 922 diversissi-

232 964 310 1010 mas.
373 945 474 1011 Juxta
512 945 691 1010 invenimus
732 965 802 1011 eum
842 944 929 1010 locos
966 965 1149 1011 communes
1186 944 1410 1033 philosophiae

231 1033 363 1100 moralis
386 1039 453 1100 tum
478 1041 653 1121 praecepta
676 1041 709 1101 et
732 1033 775 1099 ad
799 1035 899 1100 vitam
924 1033 1133 1100 domesticam
1158 1035 1354 1120 pertinentia
1378 1042 1411 1101 et

232 1123 275 1187 ad
304 1123 381 1190 dees
405 1125 467 1190 rite
492 1123 642 1191 colendos
665 1129 698 1190 et
722 1123 764 1190 ad
788 1132 892 1189 certos
919 1124 1008 1191 cibes
1033 1123 1223 1190 reiciendos
1271 1123 1410 1202 Quorum

232 1233 315 1296 quae
338 1213 499 1280 valuerint
521 1214 555 1279 in
574 1214 727 1280 societate
742 1213 1014 1299 Pythagoreorum
1033 1214 1087 1278 vix
1105 1213 1276 1279 diiudicari
1295 1221 1410 1299 potest,

233 1323 301 1367 rum
327 1303 390 1366 iam
416 1301 502 1390 apud
518 1303 767 1389 Peripateticum
791 1302 894 1382 illum,
919 1304 971 1388 qui
996 1303 1114 1368 librum
1140 1299 1183 1368 de¹
1195 1301 1407 1387 Pythagoreis

233 1391 398 1457 Aristoteli
427 1392 615 1458 attributum
645 1393 831 1478 composuit,
862 1395 930 1460 sire
958 1394 1029 1479 ipse
1056 1393 1116 1458 fuit
1140 1393 1309 1474 Stagirites
1340 1393 1407 1459 sive

232 1479 408 1567 discipulus
425 1483 503 1564 siue,
520 1481 668 1566 symbola
684 1481 906 1548 diversissima
919 1483 1094 1550 commixta
1106 1481 1250 1563 legamus
1268 1480 1404 1563 (Jambl.

233 1569 269 1634 V.
294 1569 328 1635 P.
354 1567 372 1652 ξ
395 1574 437 1634 82
452 1571 560 1648 -86,
590 1570 630 1636 de
660 1573 783 1654 origine
807 1572 1013 1639 Aristoteliea
1039 1572 1100 1638 loci
1134 1572 1173 1637 01.
1203 1570 1328 1655 Rehde‚
1353 1571 1403 1636 Kl.
1436 1629 1437 1632 ,

231 1658 320 1725 Schr.
347 1663 377 1740 2,
405 1659 493 1742 139).
540 1660 660 1728 Tamen
690 1681 752 1728 nen
777 1662 953 1728 errabimus
977 1662 1154 1728 sententias
1179 1660 1301 1726 ethicas
1325 1668 1406 1727 tem·

231 1748 360 1834 poribus
374 1751 840 1832 recentioribusattribuentes,
855 1772 924 1818 eum
938 1751 1210 1836 Pythagoreorum
1225 1751 1278 1836 qui
1294 1769 1406 1836 super·

231 1847 324 1904 erant
347 1839 491 1904 nonnulli
516 1848 689 1926 coeperunt
711 1840 746 1904 id
771 1860 877 1922 agere,
902 1847 936 1905 ut
959 1841 1131 1920 imaginem
1156 1840 1304 1920 magistri
1321 1839 1407 1905 omni

232 1935 420 1993 ornamento
449 1929 584 2013 mystico
613 1929 766 1994 nudatum
797 1949 884 1994 snum
915 1928 957 1994 ad
988 1929 1155 1995 arbitrium
1180 1929 1409 2014 exprimerent,

232 2017 321 2082 euius
357 2017 490 2083 rationis
525 2019 673 2104 inprimis
709 2039 749 2084 ea
785 2025 860 2084 sunt
891 2018 1049 2105 exemplo,
1086 2037 1167 2103 quae
1197 2017 1409 2082 Aristoxenus

231 2105 421 2172 Tarentinus
446 2107 487 2173 ab
511 2107 590 2195 ipsis
613 2107 824 2193 Pythagoreis
848 2115 982 2192 accepta
1006 2108 1124 2174 litteris
1149 2106 1325 2172 mandavit.

321 2195 399 2262 Cum
415 2195 521 2264 ethica
537 2197 596 2264 illa
612 2205 788 2285 praecepta
803 2218 861 2283 pcr
876 2218 911 2264 se
928 2198 1031 2284 primo
1049 2198 1159 2264 obtutu
1174 2196 1409 2277 intelligantur,

232 2293 340 2352 cetera
376 2286 524 2371 symbola
559 2289 699 2373 antiquis
736 2289 800 2352 iam
837 2288 1036 2373 temporibus
1064 2287 1234 2353 multemm
1268 2287 1406 2352 virerum

232 2374 396 2442 doctorum
421 2378 634 2458 sagacitatem
658 2378 882 2458 incitaverunt,
911 2384 945 2442 01
976 2396 1087 2443 munus
1117 2377 1302 2461 interpretis
1334 2376 1408 2442 sub·

232 2466 325 2531 irent.
349 2465 447 2532 Velut
464 2466 706 2533 Anaximander
730 2465 859 2552 quidam
878 2465 1020 2532 Milesius
1037 2466 1234 2552 temporibus
1250 2465 1408 2530 Artaxer-

232 2555 282 2621 xis
306 2553 485 2621 Mnemonis
509 2557 702 2636 (405-359
716 2577 747 2620 a.
762 2554 853 2634 Chr)
879 2558 1042 2620 etiamtum
1058 2556 1188 2635 vigente
1203 2553 1409 2640 Pythagorae

232 2643 345 2709 schola
378 2644 508 2730 scripsit
543 2637 694 2729 ἐξήγησιν
717 2634 892 2722 συμβόλων
924 2638 1165 2727 Πυθαγορείων
1193 2642 1296 2724 (80111.
1328 2663 1352 2708 s.
1378 2666 1407 2709 v.

232 2725 496 2816 Ἀναξίμανδρος.
520 2731 614 2814 Diog.
632 2733 669 2797 L.
688 2736 717 2796 2.
740 2732 805 2816 12).
829 2732 907 2800 Post
922 2753 991 2798 eum
1015 2739 1145 2820 praeter
1160 2732 1407 2819 Peripateticum

234 2821 336 2903 illum,
367 2841 459 2906 quem
489 2822 563 2888 item
594 2821 748 2907 symbolis
778 2823 965 2903 colligendis
995 2830 1027 2888 et
1050 2821 1254 2908 explicandis
1277 2842 1407 2908 operam

233 2910 361 2978 dedisse
395 2918 543 2998 apparet,
578 2910 677 2979 libres
711 2912 893 2999 peculiares
929 2912 968 2977 de
1003 2912 1158 2998 symbolis
1194 2911 1405 2998 Pythagoreis

232 3015 475 3087 composuerunt
502 3001 687 3068 Alexander
714 3002 898 3088 Polyhistor
926 3000 1042 3082 (Clem.
1074 3002 1188 3068 Strom.
1218 3007 1246 3068 l.
1275 3005 1325 3084 15,
1352 3006 1405 3066 70.

232 3094 251 3154 2
276 3111 307 3176 p.
333 3094 386 3173 51,
415 3095 464 3155 15.
494 3090 694 3177 Df.,cyri11.
721 3112 747 3157 c.
775 3092 837 3157 Jul.
868 3095 899 3154 4.
928 3094 1011 3172 133,
1036 3093 1056 3157 9
1079 3114 1111 3177 p.
1141 3091 1201 3155 106
1224 3089 1347 3174 hligne)
1376 3100 1408 3158 et

232 3179 441 3264 Androcydes
463 3179 718 3267 Pythagoreus*)
742 3187 774 3246 et
790 3179 991 3246 lamblichus
1009 3179 1231 3246 Chalcidensis
1256 3201 1406 3261 magnam

232 3277 356 3355 partem
373 3269 564 3356 Protreptici
588 3273 636 3336 sui
662 3273 746 3356 (cap.
765 3273 823 3352 21)
847 3271 879 3334 in
905 3267 1018 3335 eadem
1044 3289 1078 3334 re
1094 3271 1302 3356 consumpsit.
1328 3269 1407 3337 ltem

232 3359 429 3442 temporibus
456 3360 635 3424 litterarum
665 3361 900 3425 renascentium
928 3359 1021 3425 multi
1051 3359 1110 3423 viri
1140 3357 1224 3424 docti
1261 3359 1408 3445 symbola

233 3446 428 3511 tractabant.
454 3445 508 3526 (01.
534 3466 612 3530 quos
636 3457 801 3512 enumerat
824 3447 920 3512 Fabr.
939 3448 1023 3513 Bibl.
1042 3447 1095 3512 Gr.
1114 3452 1140 3512 1.
1156 3451 1221 3511 788
1238 3469 1284 3534 sq.
1303 3449 1403 3531 Harl,

234 3533 421 3617 Latendorl,
450 3534 633 3601 sebastiani
663 3535 779 3608 Franci
809 3535 849 3601 de
880 3536 1064 3623 Pythagora
1091 3537 1222 3620 eiusque
1253 3537 1406 3622 symbolis

232 3625 430 3710 disputatiio,
455 3623 616 3691 Schwerin
637 3622 736 3707 1869)
761 3631 793 3692 et
817 3625 1024 3690 recentiorum
1050 3625 1251 3706 Goettlingus
1275 3626 1405 3692 uberius

234 3714 274 3781 de
300 3715 346 3780 eis
371 3713 521 3782 disseruit
545 3713 634 3797 (Ges.
660 3714 742 3781 Abb.
772 3719 798 3778 l.
825 3717 889 3779 278
914 3734 960 3798 sq.
986 3719 1016 3779 2.
1042 3717 1107 3778 280
1131 3716 1201 3798 sq.).

320 3804 413 3870 Duae
442 3805 582 3870 maxime
607 3806 810 3890 quaestiones
840 3811 969 3873 exstant
1000 3806 1033 3870 in
1064 3803 1219 3888 symbolis
1244 3803 1407 3889 Pythago·

231 3895 304 3960 reis.
353 3894 465 3960 Altera
499 3902 549 3962 est
581 3894 729 3963 fontium:
767 3895 1012 3984 Explorandum
1040 3901 1098 3977 est,
1135 3914 1216 3978 quae
1240 3902 1272 3960 et
1295 3895 1407 3979 quales

301 4088 331 4156 1)
352 4087 519 4156 Fragmenta
538 4087 710 4158 Androcydis
729 4087 865 4142 Hoellrius
884 4088 919 4156 (v.
934 4105 960 4156 p.
975 4090 1002 4156 3)
1021 4087 1143 4156 collegit.
1174 4087 1216 4141 De
1235 4087 1407 4156 temporibus

233 4159 406 4230 Androcydis
430 4158 587 4226 ambigitur.
626 4159 762 4213 lloolhius
782 4159 919 4213 Zellerum
946 4167 1058 4213 secutus
1078 4157 1219 4212 contendit
1237 4158 1338 4212 librum
1357 4158 1408 4228 περ1

232 4229 357 4299 συμβόλων
384 4230 497 4284 saeculo
516 4230 606 4298 prime
625 4246 650 4285 a.
670 4231 730 4284 Chr.
751 4230 877 4284 medica
896 4230 1012 4285 10100110
1031 4229 1148 4298 quodam
1170 4227 1326 4300 Androcydi
1345 4230 1407 4284 sub·

232 4301 318 4354 ditum
347 4317 418 4363 esse,
447 4301 493 4369 qui
521 4317 539 4354 a
566 4301 761 4370 Theophrasto
791 4309 818 4356 et
847 4302 979 4356 clearcho
1008 4301 1115 4356 Selensi
1145 4300 1256 4354 citatur.
1306 4302 1407 4355 Contra

232 4370 463 4428 Freudenthalius
489 4371 644 4442 ‹Pauly-W.
670 4378 693 4428 1.
719 4377 799 4437 2149)
824 4373 983 4441 suspicatur
1007 4371 1133 4442 prolecto
1161 4372 1240 4425 illum
1265 4370 1364 4425 librum
1390 4389 1407 4426 a

231 4443 403 4513 Pythagoreo
422 4443 582 4498 Aristoxeni
607 4450 699 4499 aetate
724 4443 911 4512 conscriptum
939 4459 1010 4498 ease.
1029 4443 1065 4498 01.
1096 4449 1242 4512 praeterea
1267 4441 1406 4513 1110001111,

230 4515 273 4570 Ι)0
291 4514 452 4570 Aristoxeni
471 4514 662 4586 Pythagoricis
681 4515 826 4570 sententiis
845 4515 947 4570 etrite
966 4515 1158 4586 Pythagorica.
1177 4531 1204 4583 p.
1224 4515 1265 4570 211
