3268 5050
251 263 291 324 22

250 455 360 522 lebant
384 455 439 533 (of.
465 454 581 520 Euseb.
607 476 639 540 p.
665 453 716 522 ev.¹
737 456 767 518 4.
779 458 808 521 9.
824 458 855 536 2,
879 451 905 516 ll
944 454 978 514 Γ.
1009 455 1080 515 103.
1107 449 1254 515 Philostr.
1280 447 1355 513 Her.
1376 452 1425 512 10.

254 550 280 609 l.
306 567 336 632 p.
363 547 437 611 309.
458 549 476 608 7
495 544 535 625 ll)
560 544 707 611 nimirum
732 550 863 629 propter
886 543 962 608 solis
986 542 1087 607 lucem
1113 540 1220 606 albam
1246 544 1278 606 et
1294 537 1424 602 claram.

253 633 310 699 Vis
336 634 419 700 enim
446 632 509 718 dei,
534 634 584 699 cui
608 633 802 716 immolatur,
827 632 959 699 multum
984 631 1062 695 lacit
1078 630 1120 695 ad
1137 630 1273 696 colorem
1291 627 1426 709 hostiae,

251 723 337 809 quod
360 723 501 809 exempli
527 725 635 805 gratia
650 724 831 805 intelligere
848 741 1015 808 possumus
1032 719 1152 786 scholio
1170 718 1213 784 ad
1230 718 1327 784 Arist.
1346 716 1424 783 Rau.

252 835 280 880 v.
306 817 424 878 847-a:

358 896 427 986 ἄρν’
449 897 530 985 dipsa
553 899 675 981 με’λανοι
700 898 818 975 παῖδες
842 895 1034 981 ἐξενέγκατε,

357 985 472 1076 τνφολς
495 985 556 1073 pap
580 986 740 1072 ἐκβαίνειν
764 984 1052 1074 παρασκευάζεται.

296 1074 495 1155 ...εἰκότως
518 1077 555 1143 δὲ
577 1077 733 1160 μέλαιναν
755 1075 807 1140 καὶ
833 1072 872 1140 oa'
896 1073 1017 1162 λευκήν,
1043 1071 1158 1163 ἐπειδὴ
1182 1072 1234 1138 καὶ
1260 1071 1277 1138 ὁ
1307 1073 1429 1160 Τυφώς·

251 1166 393 1250 με’λας*).

343 1259 516 1326 Plurimum
541 1260 633 1327 albos
658 1260 761 1342 gallos
785 1260 817 1324 in
841 1258 1066 1344 superstitione
1089 1257 1229 1324 valuisse
1253 1277 1290 1324 eo
1307 1278 1429 1342 quoque

253 1349 414 1431 docemur,
451 1351 535 1433 quod
572 1351 664 1416 huius
696 1349 811 1416 coloris
839 1351 872 1413 in
901 1349 995 1415 rebus
1024 1348 1159 1430 magicis
1185 1347 1429 1425 adhibebantur,

254 1461 282 1503 v.
306 1438 386 1526 Pap.
412 1459 496 1522 mag.
521 1438 571 1505 ed.
598 1439 739 1506 Dietricb
766 1444 796 1506 9,
822 1441 859 1503 31
888 1457 939 1523 sq:
972 1432 1196 1511 ἐκτελέσαντος
1233 1431 1270 1498 δὲ
1298 1431 1354 1521 τήν
1378 1456 1428 1496 τε-

253 1522 346 1612 λετήν
357 1523 471 1599 καθώς
484 1525 653 1613 προσήκει,
668 1520 720 1606 ἔχε
730 1522 888 1611 ἀλέκτορα
901 1523 1037 1611 δίλοφον
1049 1521 1121 1610 ἤτοι
1135 1519 1247 1587 λευκόν
1259 1520 1278 1610 ἢ
1291 1519 1428 1604 ξανθὸν,

253 1611 380 1694 ἀπέχον
413 1613 449 1678 δὲ
484 1613 623 1695 με’λανος
657 1614 721 1678 κτλ.
757 1617 796 1682 cf.
832 1637 915 1701 quae
945 1617 1037 1702 plura
1069 1614 1110 1680 ad
1140 1615 1222 1682 hanc
1247 1637 1311 1682 rem
1337 1614 1430 1682 addit

257 1705 341 1775 Diet.
368 1707 389 1771 l.
414 1707 436 1772 l.
463 1710 525 1772 785
551 1707 626 1772 adn.
652 1712 681 1772 3.
732 1707 812 1773 Vide
835 1712 1004 1792 praeterea
1027 1707 1268 1792 inscriptionem
1294 1705 1429 1770 sortasse

256 1795 298 1860 ad
325 1797 510 1883 Aesculapii
536 1796 642 1862 fanum
670 1797 789 1863 Romae
814 1797 909 1862 situm
933 1795 1146 1881 pertinentem
1164 1794 1430 1875 <classeam

256 1879 438 1968 Οιάλεριίοι
448 1881 586 1969 ’Ἀντριοι
604 1883 801 1970 στρατιώτῃ
818 1882 947 1970 cupierit
966 1880 1180 1969 ἐχρημάτισεν
1196 1877 1307 1957 ababa
1320 1879 1431 1944 aldeis*

254 1971 307 2036 καὶ
326 1972 438 2055 λαβεῖν
450 1965 532 2053 αἷμα
548 1971 584 2052 ἐξ
599 1965 811 2059 ἀλεκτρυόνος
824 1971 937 2037 λευκοῦ
947 1968 1029 2053 μετά
1042 1971 1174 2053 μέλιτος
1185 2021 1192 2034 .
1205 2019 1212 2035 .
1225 2021 1232 2034 .
1245 2020 1267 2048 .,
1284 1974 1431 2039 similiter

259 2064 371 2146 Vegct.
396 2067 556 2147 (1.1817)
583 2065 661 2132 dicit
677 2085 826 2148 equorum
844 2065 971 2130 morbos
988 2065 1065 2146 iure,
1090 2065 1122 2128 in
1140 2084 1200 2147 quo
1217 2063 1322 2145 gallus
1339 2063 1430 2128 albus

259 2155 346 2219 vivus
359 2160 466 2219 coctus
478 2155 529 2236 sit,
543 2156 661 2220 sanari.
688 2153 795 2238 Neque
809 2173 869 2218 non
883 2153 978 2220 bodie
991 2174 1112 2238 qnoque
1123 2174 1143 2218 a
1154 2153 1284 2219 Graecis
1295 2155 1327 2216 in
1338 2153 1431 2218 rebus

260 2243 395 2324 magicis
421 2243 485 2308 albi
503 2244 580 2321 galli
599 2243 635 2308 fit
652 2263 734 2326 usus,
759 2266 786 2307 v.
807 2243 920 2323 house,
939 2242 1090 2308 Follelone
1107 2243 1186 2307 from
1205 2243 1259 2310 the
1276 2242 1430 2309 Seuthem

259 2331 433 2417 Sporades,
451 2331 633 2399 Folle-Lora
654 2338 702 2398 to,
720 2355 750 2419 p.
769 2336 840 2397 182:
867 2332 1020 2398 Thesauri
1046 2334 1166 2398 inventi
1182 2332 1432 2398 immutabuntur·

257 2423 290 2485 in
317 2421 471 2487 carbones
496 2423 556 2487 nisi
583 2421 657 2488 albo
682 2423 769 2504 gallo
795 2432 918 2488 necato.

347 2511 380 2576 ln
410 2513 638 2598 superstitione
658 2511 887 2578 Germanorum
906 2513 1010 2594 gallus
1026 2531 1157 2599 prorsus
1175 2511 1307 2578 easdem
1327 2519 1435 2597 partes

260 2603 331 2681 agit
355 2601 431 2667 solis
457 2603 625 2686 praeconis
651 2601 904 2686 daemonumque
928 2603 1174 2688 propulsatoris,
1203 2623 1305 2684 neque
1328 2622 1436 2666 nume·

261 2691 326 2757 rari
354 2699 487 2778 possunt
512 2692 662 2775 fabellae,
689 2694 720 2757 in
746 2692 858 2777 quibus
883 2693 970 2774 gallo
994 2700 1129 2760 canente
1153 2691 1300 2758 diabolus
1315 2692 1365 2756 vel
1382 2691 1436 2756 alii

429 2837 472 2844 —-

332 2889 369 2940 At
388 2887 541 2941 Pausanias
560 2891 585 2940 2.
607 2889 649 2940 34.
671 2891 702 2939 3:
721 2883 735 2936 ‘d
754 2883 906 2955 δ’έθαύμασα
926 2885 949 2938 έν
968 2890 1017 2946 τοῖς
1037 2886 1154 2946 Μεθάνοις
1175 2885 1279 2955 μάλιστα
1298 2884 1384 2956 γράψω
1398 2886 1438 2936 καλ.

257 2961 335 3010 τοῦτο.
356 2955 441 3027 ἄνεμος
461 2954 473 3008 ὁ
492 2957 537 3027 hta
557 2957 745 3023 βλαστανούσαις
758 2960 809 3015 ταῖς
824 2954 941 3021 ἀμπέλοις
955 2956 1079 3026 ἐμπίπτων
1093 2956 1120 3009 ἐκ
1133 2962 1175 3010 τοῦ
1191 2959 1332 3027 Σαρωνικοῦ
1347 2957 1437 3008 κόλπου

257 3030 300 3095 τὴν
321 3029 426 3096 βλάστην
446 3031 513 3098 σφῶν
534 3025 668 3097 ἀφαυαίνει.
688 3029 809 3087 κατιόντος
829 3024 869 3080 οὗν
888 3026 921 3080 ἔτι
940 3033 981 3080 τοῦ
1000 3031 1130 3098 πνεύματος
1151 3026 1297 3098 ἀλεκτρυόνα
1315 3029 1346 3081 ab
1365 3029 1437 3097 tereph

259 3098 346 3170 ἔχοντα
366 3101 405 3152 aa
424 3099 511 3157 παντλς
529 3099 604 3152 λευκὰ
624 3101 735 3157 διελόντες
755 3097 835 3169 ἄνδρες
855 3101 897 3151 daie
915 3099 1014 3152 ἐναντίοι
1027 3101 1161 3170 περιθέουσι
1173 3101 1215 3160 tte
1230 3099 1352 3170 ἀμπέλους
1365 3101 1437 3170 ἥμισυ

259 3170 368 3240 ἑκάτερος
379 3175 421 3222 τοῦ
438 3169 592 3241 ἀλεκτρυόνος
607 3171 693 3242 φέρων.
713 3173 850 3241 ἀφικόμενοι
863 3170 909 3230 δ’ἕς
922 3171 949 3222 ab
962 3171 1019 3223 abab
1032 3171 1085 3223 dilen
1100 3170 1257 3244 ὡρμήθησαν,
1278 3174 1438 3243 κατορύσσου-

261 3261 296 3294 σιν
316 3239 429 3296 ένταῡθα.
449 3247 519 3295 τοῦτο
538 3241 582 3312 μὲν
601 3243 658 3313 πβος
678 3243 717 3295 aba
737 3243 796 3312 Λίβα
816 3242 891 3312 σφίσιν
911 3240 971 3294 ἐστὶν
990 3242 1125 3314 εὑρημένον.
1165 3245 1217 3298 Hic
1243 3246 1327 3312 igitur
1345 3254 1439 3299 vento·

258 3331 319 3368 rum
338 3316 458 3382 numina,
479 3330 549 3384 quae
570 3316 723 3369 exanimis
743 3322 910 3369 mortuorum
931 3322 992 3369 orta
1019 3332 1080 3370 esse
1106 3317 1289 3370 certissimum
1309 3323 1359 3379 est,
1390 3316 1438 3382 (cf.

260 3385 356 3441 Rohde
375 3387 420 3442 Ps.
440 3389 450 3420 ²
473 3393 495 3438 1.
515 3391 576 3442 237.
596 3386 716 3454 Stengel,
736 3386 829 3440 Herm.
852 3390 892 3440 16.
912 3387 974 3456 349)
994 3387 1085 3442 hostia
1111 3389 1174 3441 alba
1192 3388 1346 3457 placantur,
1367 3387 1439 3456 quod

260 3459 358 3511 mirum
383 3458 500 3526 videtur,
526 3458 590 3526 quia
614 3459 771 3512 numinibus
795 3459 947 3513 inferorum
966 3460 1061 3528 nigrae
1082 3459 1279 3514 sacrificantur.
1318 3459 1373 3514 Sed
1392 3475 1437 3512 an·

259 3529 368 3584 diamus
389 3545 462 3598 quae
481 3529 628 3598 Frazerus‚
649 3531 805 3585 Folle-Lora
827 3535 850 3582 1.
869 3547 895 3599 p.
918 3535 967 3583 163
987 3532 1069 3585 affert
1087 3531 1122 3584 ad
1141 3532 1214 3584 harno
1233 3547 1336 3585 morem
1356 3531 1437 3584 inter-

259 3601 437 3670 pretandum:
477 3601 507 3655 lu
536 3600 615 3656 India
645 3603 773 3658 orientali
802 3619 863 3655 cum
892 3602 997 3656 caelum
1017 3603 1136 3656 nubibus
1155 3603 1224 3656 atris
1244 3608 1370 3671 opertum
1388 3609 1438 3666 est,

260 3673 415 3739 piscatores
440 3673 555 3727 Malaici
582 3675 680 3742 pennis
708 3675 775 3742 galli
804 3673 860 3727 albi
888 3675 932 3728 vel
961 3675 1029 3728 lutei
1059 3682 1135 3728 certa
1162 3673 1270 3728 ratione
1300 3675 1328 3726 iu
1357 3689 1440 3741 prora

262 3745 384 3811 scaphae
412 3744 535 3813 alligatis
563 3746 712 3800 daemones
741 3745 898 3812 implorant,
926 3753 956 3798 ut
985 3750 1177 3813 tempestatem
1197 3750 1331 3799 avertunt.
1369 3744 1439 3796 Turn
1491 3750 1496 3757 “

260 3815 334 3882 gallo
354 3815 501 3871 interfecto
521 3816 644 3884 piscator
664 3833 761 3870 manus
781 3816 857 3870 calce
877 3816 997 3879 dealbat,
1018 3816 1119 3884 digitos
1138 3816 1190 3868 hoc
1205 3815 1286 3869 modo
1300 3815 1439 3870 coloratos

260 3893 304 3940 ter
323 3886 358 3939 ad
377 3887 484 3940 caelum
502 3887 592 3941 tendit
611 3903 742 3956 avemque
761 3888 790 3940 iu
809 3902 884 3940 mare
900 3887 1010 3942 conicit.
1039 3890 1172 3955 Apparet,
1192 3887 1281 3954 iuquit
1294 3885 1438 3946 l'razerus,

261 3965 290 4012 et
302 3957 438 4012 Graecum
458 3965 486 4012 et
499 3957 633 4011 Malaium
653 3975 687 4012 ea
706 3957 813 4012 ratione
834 3959 936 4012 moveri
956 3966 986 4012 ut
1005 3957 1064 4012 avis
1083 3957 1147 4011 alba
1166 3964 1263 4010 contra
1277 3957 1438 4011 daemonem

262 4029 437 4098 tempestatis
458 4037 547 4083 atrum
568 4030 690 4083 involare
709 4045 825 4098 eumque
844 4030 1000 4099 propellere
1019 4036 1138 4099 putetur.
1151 4059 1181 4066 -
1199 4028 1263 4082 Sina
1284 4028 1367 4082 dubio
1387 4029 1440 4080 boc

261 4101 302 4154 ita
323 4117 352 4155 se
372 4101 466 4169 habet,
486 4101 539 4156 nisi
559 4102 632 4170 quod
651 4102 734 4168 paulo
754 4101 908 4169 simplicius
922 4109 1065 4171 utrumque
1082 4101 1120 4154 ita
1133 4101 1308 4168 interpretor,
1328 4106 1359 4154 ut
1371 4099 1439 4168 galli

263 4173 354 4227 colore
385 4173 449 4227 albo
469 4173 572 4227 candor
590 4173 661 4228 caeli
679 4173 807 4241 nubibus,
838 4190 907 4241 quas
926 4181 1024 4227 ventus
1044 4173 1091 4227 ille
1111 4171 1239 4226 humidus
1258 4187 1340 4240 agere
1361 4172 1439 4236 solet,

262 4244 396 4314 dispersis
417 4243 594 4314 significetur.
623 4245 676 4312 (De
696 4252 795 4298 natura
813 4245 891 4299 Libis
911 4244 946 4300 cl.
966 4261 1049 4299 carm.
1068 4260 1132 4313 pop.
1152 4249 1185 4296 42
1205 4243 1305 4297 Hilleri
1327 4243 1438 4298 anthol.

262 4317 321 4386 lya:
345 4314 390 4386 Λίψ
414 4313 497 4386 ἄνεμος
522 4318 584 4387 ταχλυ
609 4315 651 4387 μὲν
675 4316 775 4386 νεφέλας
803 4318 865 4388 ταχυ
888 4314 994 4386 δἀἵθρια
1019 4317 1096 4386 ποιεῖ.)
1120 4315 1268 4369 Permultis
1295 4316 1367 4370 enim
1394 4331 1440 4368 ex·

266 4388 367 4456 emplis
388 4388 572 4443 demonstrari
592 4395 693 4457 potest,
713 4393 844 4458 quantum
864 4388 937 4456 apud
956 4389 1083 4443 homines
1103 4386 1311 4456 superstitiosos
1331 4394 1359 4442 et
1378 4387 1441 4441 sim-

263 4461 351 4526 plices
381 4459 409 4512 id
440 4461 539 4533 paleat,
568 4461 640 4528 quod
667 4466 731 4529 apte
752 4460 796 4513 Fr.
818 4461 968 4527 ,imitativa
987 4461 1093 4528 magie“
1113 4460 1245 4513 nominat.
1284 4458 1388 4512 Eadem
1408 4458 1441 4512 de

270 4547 355 4585 causa
375 4531 513 4586 Favonius
539 4540 567 4586 et
586 4533 675 4586 Notus
694 4532 804 4587 candidi
822 4533 865 4586 rel
885 4532 941 4586 albi
960 4531 1143 4601 nominantur,
1169 4531 1205 4585 cf.
1225 4529 1291 4584 Hor.
1312 4547 1394 4584 carm.
1416 4533 1438 4580 3.

267 4609 291 4658 7.
314 4605 348 4668 1.,
369 4610 392 4654 1.
414 4609 439 4657 ’1.
463 4609 501 4658 15.
523 4610 551 4659 et
569 4605 650 4672 Verg,
671 4606 739 4658 Aen.
761 4607 784 4655 3.
808 4609 873 4656 tao:
900 4605 1021 4672 ,nigram
1036 4603 1127 4659 Hiemi
1147 4602 1288 4671 pecudem,
1308 4601 1441 4671 Zephyris

261 4673 390 4730 felicibus
409 4674 526 4732 albam“.
