3268 5050
222 147 243 210 6

225 344 379 430 antiquae
402 343 618 430 symbolorum
650 341 853 409 collectiones
877 343 993 408 luerint
1016 347 1048 407 et
1077 341 1189 426 quibus
1213 341 1244 405 in
1268 342 1404 427 scripto-

225 434 311 499 ribus
335 435 472 516 vcstigia
503 447 614 499 eorum
637 433 851 498 invenianturt
877 487 878 490 ,
899 431 1127 497 Constantinus
1152 430 1315 507 Hoelkius,
1341 430 1402 496 Er·-

223 523 291 588 vini
308 522 425 589 Rohdii
451 522 637 609 discipulus,
662 522 721 588 hoc
744 519 895 606 perticere
919 527 1051 587 conatus
1076 528 1126 585 cst
1149 519 1213 600 (De
1230 522 1403 586 acusmatis

222 614 291 678 sive
315 613 472 697 symbolis
495 611 730 698 Pythagoricis,
756 610 860 675 lliliae
888 610 998 690 1894).
1023 609 1122 686 Quem
1147 611 1249 674 virum
1276 610 1401 676 doctum

223 723 419 788 quamquam
461 701 732 768 demonstravisse
769 699 1006 766 concedendum
1043 710 1102 780 est,
1142 700 1193 782 qui
1231 701 1403 785 scriptores

222 791 450 877 Androcydcm
484 793 584 858 secuti
608 792 682 865 sint,
713 797 821 856 tamen
847 796 920 875 post
944 810 1014 855 eum
1040 808 1164 872 quoque
1186 788 1320 855 multum
1344 787 1402 853 ab·

222 888 281 963 est,
312 889 347 950 ut
383 881 536 947 tenebrae
560 881 692 947 lentium
717 878 865 946 sublatae
889 879 963 960 sint,
988 899 1058 943 cum
1085 879 1272 964 praesertim
1298 878 1402 943 adhuc

222 977 324 1036 totum
365 971 520 1038 incertum
557 972 609 1051 sit,
645 991 718 1034 num
755 967 806 1032 vel
841 967 894 1033 ubi
923 967 1078 1051 reliquiae
1108 967 1341 1032 Anaximandri
1371 973 1403 1031 ot

222 1059 405 1126 Alexandri
442 1059 653 1145 Polyhistoris
690 1065 825 1124 exstent.
882 1057 994 1123 Altera
1029 1058 1173 1142 quaestio
1209 1063 1336 1123 constat
1369 1059 1401 1121 in

231 1149 385 1235 symbolis
409 1149 672 1235 interpretandis,
697 1168 789 1232 quam
815 1165 874 1226 ego
898 1146 957 1212 hoc
981 1147 1131 1231 opusculo
1156 1146 1247 1213 adire
1271 1157 1402 1213 conatus

227 1259 309 1305 snm.
355 1239 385 1304 A
409 1239 549 1304 fontibus
573 1237 766 1319 indagandis
791 1236 942 1316 abstinui,
968 1257 1037 1301 cum
1061 1235 1096 1300 id
1118 1237 1256 1302 maxime
1273 1239 1401 1314 egerim,

220 1334 257 1393 ut
287 1328 321 1392 in
354 1329 497 1414 pluribus
522 1328 677 1412 symbolis
702 1327 967 1406 demonstrarem,
996 1324 1142 1409 qualibus
1167 1347 1207 1390 ex
1232 1327 1401 1405 cogitatio-

224 1416 320 1483 nibus
349 1426 423 1484 orta
445 1425 553 1484 essent
576 1424 673 1500 atque
696 1415 758 1482 hae
782 1417 909 1480 ratione
933 1424 1055 1500 partem
1081 1415 1227 1498 quamvis
1251 1417 1399 1495 exiguam

224 1505 267 1570 ad
297 1505 466 1573 historiam
500 1507 737 1591 superstitionis
762 1504 914 1588 antiquae
938 1502 1189 1590 componendam
1216 1505 1400 1570 conferrem.

221 1594 290 1673 Qua
317 1596 351 1660 in
380 1617 413 1662 re
444 1597 616 1682 persequor
644 1596 729 1659 viam
754 1594 837 1660 ‘olim
868 1593 909 1657 ab
945 1593 1069 1659 Robdio
1096 1601 1314 1668 monstratam,
1348 1597 1399 1679 qui

222 1685 364 1770 epistula
392 1685 530 1771 quadarn
557 1684 599 1750 ad
623 1684 774 1751 Oltonem
800 1684 943 1750 Crusium
970 1683 1049 1750 data
1072 1683 1184 1749 scribit
1208 1703 1401 1770 magnopere

221 1774 400 1859 optandum
426 1794 505 1854 esse,
529 1782 566 1840 ut
589 1773 735 1859 symbola
751 1772 967 1859 Pythagorica
990 1773 1051 1839 hac
1073 1774 1198 1840 ratione
1214 1778 1400 1856 tractentur,

222 1873 319 1950 atque
350 1866 492 1950 queritur
515 1863 685 1931 Hoelkium
716 1863 942 1930 dissertatione
971 1883 1030 1929 sua
1059 1865 1244 1949 interpretis
1273 1884 1402 1929 munere

221 1953 367 2036 neglecto
397 1955 455 2022 soli
485 1955 618 2020 fontium
648 1955 826 2039 quaestioni
857 1973 988 2040 operam
1018 1953 1146 2019 dedisse
1177 1951 1229 2036 (0.
1260 1953 1400 2034 Crusius,

222 2044 331 2110 Erwin
357 2043 468 2110 Robde
494 2065 524 2128 p.
553 2044 638 2121 162).
685 2041 796 2128 Neque
824 2043 958 2109 interest
983 2043 1115 2108 multum
1140 2043 1171 2107 in
1197 2043 1401 2129 opinionibus

221 2141 253 2198 ot
277 2133 559 2200 consuetudinibus
584 2132 823 2218 superstitiosis,
847 2132 958 2217 quales
982 2132 1129 2218 plurimis
1153 2131 1309 2217 symbolis
1325 2134 1399 2199 sub-

222 2231 306 2306 sunt,
343 2242 403 2308 quo
433 2223 536 2309 primo
565 2229 710 2308 tempore
738 2222 770 2286 in
801 2221 917 2287 litteris
941 2222 1155 2287 inveniantur.
1203 2219 1291 2286 Nihil
1315 2223 1398 2288 enim

221 2312 287 2378 fere
311 2320 404 2379 tanta
427 2312 611 2399 pervicacia
635 2318 684 2378 cst
707 2318 828 2395 quanta
857 2312 1053 2396 superstitio,
1089 2312 1137 2376 ita
1171 2319 1206 2376 ut
1234 2320 1402 2377 consuctu-

222 2401 326 2482 dines,
351 2422 433 2486 quae
458 2401 707 2486 ascriptoribus
724 2401 971 2484 antiquissimis
995 2401 1078 2466 sicut
1094 2401 1135 2465 ab
1153 2399 1304 2486 Hesiodo,
1329 2408 1401 2467 ten-

221 2498 350 2573 guntur,
386 2492 492 2557 forma
521 2490 601 2555 nihil
628 2497 753 2557 mutata
782 2489 824 2555 lV
849 2489 900 2555 uel
926 2489 950 2552 V
976 2491 1104 2556 saeculo
1134 2512 1165 2577 p.
1192 2491 1265 2556 Chr.
1295 2511 1402 2558 rursus

223 2587 445 2662 emergentem
481 2587 514 2648 et
544 2580 662 2646 multas
692 2579 933 2665 superstitiones
958 2602 998 2647 ex
1021 2580 1251 2647 recentissimis
1275 2581 1403 2646 demum

224 2669 454 2755 vilissimisque
489 2670 698 2755 scriptoribus
735 2670 953 2751 cognoscimus
990 2691 1090 2754 ncque
1119 2678 1224 2735 tamen
1255 2669 1402 2737 dubitare

228 2759 392 2843 debemus,
417 2760 492 2846 quin
518 2760 750 2844 antiquissimis
773 2760 970 2845 temporibus
994 2766 1085 2826 ortae
1108 2761 1182 2825 sint.

310 2849 417 2935 Supra
453 2848 594 2914 diximus
632 2868 652 2912 a
688 2855 800 2933 quarto
837 2848 965 2915 saeculo
1001 2871 1030 2915 a.
1060 2849 1133 2914 Chr.
1163 2869 1193 2913 n.
1223 2869 1323 2933 usque
1360 2848 1402 2914 ad

219 2945 362 3004 nostram
410 2945 551 3004 aetatem
587 2939 672 3004 viros
708 2937 819 3004 doctos
854 2939 1030 3019 studuisse,
1067 2947 1100 3004 ut
1135 2958 1244 3003 verum
1274 2959 1399 3004 sensum

220 3021 438 3111 symbolorum
464 3026 683 3113 explorarent.
731 3026 800 3105 Qua
824 3027 855 3091 in
881 3048 915 3093 re
933 3033 965 3093 et
981 3029 1183 3112 antiquorum
1201 3033 1233 3092 et
1249 3030 1400 3095 recentio-

221 3137 289 3181 rum
322 3137 431 3183 omncs
461 3117 527 3182 iere
551 3135 590 3182 ea
614 3117 739 3183 ratione
763 3136 805 3182 ac
825 3118 880 3181 via
902 3117 1087 3198 utebantur,
1121 3126 1157 3183 ut
1180 3118 1328 3202 symbola
1351 3120 1400 3182 in-

221 3206 397 3272 citamenta
427 3204 469 3270 ad
501 3206 636 3272 virtutes
661 3213 813 3291 putantes
838 3205 1057 3272 subtilissimis
1082 3208 1401 3294 interpretationibus

222 3295 406 3380 probabilia
423 3294 582 3380 quaedam
599 3316 638 3360 ex
655 3297 701 3361 eis
718 3295 853 3361 latebris
869 3297 901 3360 in
921 3295 1023 3361 lucem
1043 3297 1184 3380 prolerre
1201 3306 1400 3362 conarentur.

221 3384 308 3461 Quae
332 3384 568 3471 interpretandi
592 3386 677 3452 ratio
701 3386 875 3472 praecipue
901 3383 1088 3469 Jamblichi,
1114 3387 1167 3471 qui
1192 3388 1299 3471 capite
1322 3386 1401 3452 Xlll

219 3473 411 3560 Protreptici
441 3475 587 3541 omnibus
611 3475 766 3559 symbolis
788 3474 869 3540 nihil
893 3475 982 3540 aliud
1006 3477 1136 3544 subesse
1153 3476 1255 3554 docet,
1282 3477 1343 3542 nisi
1368 3486 1402 3542 ut

220 3563 262 3629 ad
285 3563 523 3649 philosophiam
547 3563 822 3650 Pythagoreorum
847 3567 1059 3631 recentiorum
1084 3565 1316 3651 capessendam
1343 3586 1400 3630 ex-

221 3655 329 3735 citent,
362 3674 465 3737 neque
495 3655 596 3720 minus
622 3654 717 3722 Goett
690 3653 797 3736 ttlingi
827 3653 870 3718 ad
900 3655 1055 3721 rationem
1086 3656 1195 3721 omnia
1223 3656 1400 3736 referentis

220 3762 283 3808 uon
318 3743 451 3808 multum
489 3743 592 3825 abest,
629 3745 703 3827 quin
741 3745 841 3810 risum
878 3763 975 3829 saepe
1005 3744 1096 3812 nobis
1125 3752 1264 3811 moveat
1311 3743 1399 3810 Unus

220 3833 305 3897 inter
332 3833 482 3917 antiquos
513 3795 727 3916 symbolorum
757 3834 949 3936 interpretes
979 3832 1130 3920 Peripate
1113 3835 1213 3900 eticus
1244 3835 1309 3916 ille,
1345 3836 1403 3938 qui

219 3921 335 3987 librum
372 3921 412 3987 de
450 3921 659 4007 Pythagoreis
696 3923 896 4026 conscripsit,
937 3943 1044 3988 veram
1080 3924 1296 4011 symbolorum
1332 3927 1397 3989 vim

220 4009 439 4094 aliquomodo
457 4012 632 4097 perspexit,
658 4033 727 4077 cum
744 4012 935 4078 omniafere
953 4033 1023 4078 curn
1041 4023 1092 4080 rat
1078 4014 1218 4081 tionibus
1236 4013 1396 4095 religiosis

220 4100 391 4167 cohaerere
421 4108 552 4167 conatur
581 4103 735 4168 evincere.
784 4101 903 4168 Contra
929 4102 1142 4259 Androcydes
1174 4105 1322 4189 princeps
1350 4111 1399 4170 eet

221 4211 341 4273 eorum,
376 4191 427 4274 qui
464 4190 679 4276 symbolat
647 4191 794 4258 ethice'
785 4197 1046 4276 ruttterpreanur.
1096 4193 1200 4260 llist
1186 4193 1396 4277 temporibus

221 4300 410 4365 quamquam
440 4279 506 4344 iam
523 4279 701 4346 Lobeckius
724 4279 812 4364 (Agl.
838 4284 903 4344 248
932 4300 991 4368 sq,
1015 4285 1079 4349 892
1106 4285 1167 4367 sq.)
1197 4289 1230 4348 et
1258 4282 1297 4348 G.
1319 4282 1400 4349 Her-

221 4388 357 4435 mannus
381 4368 513 4456 (Opuec.
539 4369 570 4434 6.
596 4373 677 4452 250)
707 4370 877 4437 occasione
902 4369 981 4436 data
1005 4379 1091 4438 recte
1117 4372 1157 4436 de
1181 4371 1398 4455 symbolorum

222 4460 417 4539 singulorum
446 4460 570 4542 origine
600 4460 757 4546 quaedam
789 4459 952 4544 dixerant,
983 4468 1091 4527 tamen
1109 4461 1234 4534 ,Rohdii
1260 4463 1400 4536 maxime
