3268 5050
1350 272 1392 334 33

215 465 278 558 χρῂ
313 469 445 532 πάντων
480 463 627 554 ὀρνίθων
661 464 714 531 καὶ
750 464 896 545 μάλιστα
932 461 1010 528 ὅταν
1033 463 1171 528 σπεύδει
1195 486 1247 541 τις
1270 461 1394 529 ἐκτῶν

215 557 361 640 χθονιίυν
388 553 614 642 ἀπαλλαγῆναι
646 553 698 618 καὶ
730 549 815 640 πρὸς
843 550 921 629 τοίς
953 549 1124 640 ου’ρανίους
1156 548 1259 630 θεοὺς
1283 549 1393 640 ἱδρυν-

215 651 328 735 θῆυαι.
354 669 381 713 1.
406 647 486 714 ibid.
511 668 542 731 p.
569 651 645 714 255.
670 650 689 711 3
714 666 759 729 sq.
785 643 823 710 N.
849 647 871 710 2.
919 645 1007 724 Quae
1031 644 1145 712 eadem
1169 644 1331 712 sententia
1346 645 1394 710 in-

216 740 343 805 venitur
373 737 457 821 apud
488 737 571 802 alias
600 757 723 819 quoque
747 742 868 818 gentes,
892 735 931 801 51.
957 734 1079 802 Gervas
1103 733 1143 800 de
1166 733 1247 800 Tilb.
1271 755 1302 818 p.
1331 738 1392 799 115

215 827 333 912 Liebr,
357 827 548 909 praesertim
573 826 659 909 apud
685 826 873 908 Germanos,
898 825 938 891 51.
963 824 1085 891 Grimm
1109 823 1149 890 D.
1173 821 1244 889 M.⁴
1269 827 1298 890 2.
1316 823 1392 892 (190.

216 921 291 985 944.
337 916 482 983 Η1155115
518 919 689 1000 praecipue
724 915 793 981 5115
829 916 944 982 animis
979 921 1175 981 mortuorum
1200 913 1392 981 couveniens

216 1008 354 1073 sortasse
384 1026 422 1072 eo
447 1005 658 1086 indicabatur,
688 1004 772 1088 quod
796 1005 951 1071 51551511
975 1004 1156 1070 11111551555
1180 1004 1298 1070 51511115
1323 1023 1393 1070 5555

215 1097 388 1164 videbatur
411 1096 479 1162 eius
503 1115 584 1178 quae
603 1097 720 1161 animis
736 1093 936 1161 tribuebatur
959 1092 1011 1176 (ll.
1034 1089 1074 1157 Ψ.
1093 1096 1165 1158 101.
1185 1092 1245 1159 011.
1263 1096 1345 1159 515.
1360 1095 1393 1161 9.

216 1185 376 1269 1115151151,
401 1185 453 1252 Gr.
481 1185 616 1252 thterl.
646 1189 673 1249 l.
698 1184 791 1266 810).

305 1274 399 1360 Apud
418 1273 606 1358 Germanou,
629 1281 665 1339 ut
687 1292 797 1340 omnes
821 1293 841 1338 a
861 1272 968 1357 pueris
989 1271 1117 1352 scimus,
1142 1271 1279 1339 hirundo
1297 1271 1391 1355 vulgo

216 1386 274 1452 pro
310 1365 443 1430 animali
478 1371 571 1447 grato
604 1370 636 1430 et
659 1361 839 1429 hominibus
863 1362 966 1428 amico
992 1361 1136 1428 babetur.
1186 1361 1306 1428 Tamen
1329 1382 1393 1429 non

216 1455 331 1523 desunt
354 1454 531 1540 opiniones,
567 1453 681 1539 quibus
707 1452 922 1538 perspiciatur
944 1451 1032 1538 apud
1056 1470 1113 1517 uos
1138 1471 1262 1537 quoqne
1286 1452 1394 1518 hirnu-

219 1545 327 1611 dinem
353 1543 510 1610 interdum
536 1545 706 1610 infaustam
731 1541 849 1628 putari,
876 1540 975 1607 veluti
1002 1540 1224 1626 „Ghemnitner
1246 1541 1393 1609 11551155-

216 1631 437 1721 philosophie“
464 1654 517 1719 ap.
542 1633 664 1700 Grimm
689 1631 728 1696 D.
751 1630 793 1696 M.
819 1633 984 1697 *3.4391
1011 1630 1203 1698 Hiruudiues
1227 1632 1284 1700 snb
1308 1639 1394 1700 tecto

219 1724 420 1790 nidificantes
444 1729 681 1810 paupertatem,
705 1739 853 1807 passeres
870 1718 1001 1787 divitias
1017 1722 1235 1806 praesagiunt.
1252 1722 1296 1787 ib.
1313 1722 1393 1788 446:

215 1813 283 1892 Qua
306 1815 340 1880 in
365 1813 459 1878 domo
485 1811 672 1878 hirundines
689 1810 783 1875 nidos
800 1808 945 1874 reficiunt
957 1811 990 1875 iu
1003 1830 1043 1876 ea
1056 1809 1168 1877 eodem
1182 1830 1265 1878 auno
1278 1811 1394 1897 aliquis

220 1904 360 1969 moritur.
410 1900 458 1966 W.
479 1903 556 1967 159:
580 1899 809 1965 Hirundiuibus
832 1899 865 1963 iu
888 1899 1023 1966 fumario
1046 1898 1286 1967 nidificantibus
1303 1901 1392 1967 rituli

215 2011 278 2057 non
301 1990 502 2077 proveniunt.
550 1989 652 2068 Quam
676 1989 933 2075 superstitionem
956 1989 983 2054 si
1001 1991 1222 2072 coniungimus
1239 2010 1311 2056 cum
1328 1989 1395 2056 alia

220 2080 358 2165 quadam
379 2079 530 2145 Prussiae
553 2078 772 2162 occidentalis,
797 2099 889 2164 quam
908 2077 1163 2163 Mannhardtius,
1187 2079 1399 2163 Roggenwoll

215 2170 282 2235 uud
298 2168 517 2252 Roggeuhund
533 2192 566 2256 p.
582 2174 635 2250 40,
661 2169 777 2252 adfert,
802 2175 940 2256 apparet
964 2189 1058 2254 quam
1076 2179 1153 2256 apte
1168 2170 1394 2258 interpretatio

215 2259 352 2345 symboli
389 2282 409 2326 a
443 2259 535 2327 nobis
570 2267 697 2326 tentata
733 2257 869 2344 quadret
904 2259 935 2324 ln
967 2259 1055 2341 vulgi
1079 2260 1300 2342 cogitationes.
1346 2258 1394 2326 lbi

214 2351 297 2414 euim
335 2350 478 2415 homiues
507 2356 623 2436 putant
652 2350 779 2414 animas
803 2357 999 2415 mortuorum
1023 2350 1130 2414 arium
1154 2349 1213 2415 sub
1236 2351 1338 2416 lorma
1360 2351 1394 2415 iu

212 2439 357 2506 ‚lomariis
375 2439 487 2506 sedere
503 2440 605 2506 donec
620 2459 735 2524 corpus
750 2437 936 2524 sepeliatur.
962 2437 998 2502 51.
1023 2439 1121 2503 511551
1144 2439 1266 2525 Kuoop,
1281 2439 1395 2506 Volks-

213 2550 311 2612 sageu
348 2550 377 2594 a.
415 2529 445 2594 d.
471 2529 543 2596 ostl.
569 2528 849 2612 Hiuterpommeru
876 2529 948 2589 111.
996 2525 1141 2591 Ceterum
1178 2527 1266 2612 apud
1302 2527 1394 2594 huius

214 2639 338 2703 quoque
366 2619 485 2684 aetatis
508 2618 619 2700 Syrios
642 2614 776 2680 hirundo
800 2612 921 2679 animal
945 2614 1117 2680 infaustum
1141 2614 1287 2698 habetur,
1323 2637 1394 2682 eum

214 2715 330 2792 putent
353 2727 436 2788 eum,
470 2707 523 2788 qui
548 2706 599 2771 vel
625 2703 826 2770 hirundinem
852 2703 903 2770 vel
926 2723 1040 2770 ranam
1064 2725 1160 2772 mauu
1182 2705 1336 2791 tetigerit,
1360 2708 1394 2773 iu

216 2795 327 2859 febrim
344 2794 497 2878 incidere,
514 2793 552 2859 cf.
570 2793 667 2880 Eijub
683 2793 799 2878 Abala,
815 2793 968 2860 Zeitschr.
987 2792 1018 2859 d.
1036 2793 1357 2862 Palaistine-Vereins
1374 2801 1393 2862 7

215 3060 273 3146 27)
296 3059 502 3149 γαμψώνυχα
524 3058 569 3148 μὴ
601 3059 743 3148 τρέφειν.
769 3063 907 3132 Audroc.
932 3085 985 3151 ap.
1011 3065 1214 3153 Tryphonem
1239 3067 1318 3136 rhet.
1344 3091 1390 3152 gr.

214 3153 353 3240 Spengel
378 3157 408 3217 3.
438 3156 508 3220 193.
535 3152 627 3236 Diog.
653 3152 689 3218 L.
714 3157 745 3218 8.
774 3158 823 3220 17.
854 3192 897 3200 —
936 3150 1018 3221 Plut.
1044 3176 1094 3238 qu.
1120 3177 1210 3223 conr.
1235 3161 1266 3224 8.
1293 3163 1322 3224 7.
1351 3194 1390 3206 -

213 3242 331 3308 Jambl.
358 3242 461 3309 Protr.
486 3245 538 3308 21.

305 3332 370 3398 Hoc
404 3351 526 3414 quoque
561 3330 741 3415 symbolum
775 3340 810 3397 ut
845 3332 1078 3417 perspiciamus
1113 3332 1297 3401 Weiokerus
1334 3356 1392 3403 nos

215 3421 357 3486 adiuvat.
405 3419 501 3484 Cuius
522 3420 628 3504 operis
654 3439 722 3484 cum
748 3421 980 3504 inspexerimus
996 3423 1167 3505 praecipue
1182 3423 1321 3506 tabulas,
1345 3427 1394 3489 iu-

215 3508 398 3590 telligemus
433 3507 581 3594 antiquos
606 3507 666 3582 sibi
692 3509 823 3590 sirenes,
860 3527 939 3591 quae
965 3529 1041 3574 5155
1065 3510 1229 3576 fabulosas
1253 3513 1394 3579 maxime

216 3619 256 3662 ex
292 3595 539 3677 cogitationibus
575 3594 615 3660 de
650 3596 757 3680 specie
792 3603 824 3661 et
858 3598 960 3662 forma
996 3599 1173 3663 animarum
1205 3606 1299 3667 natas
1322 3622 1394 3669 esse

122 3686 127 3695 '
218 3685 401 3753 Woickcrus
431 3684 559 3766 evincit,
594 3685 750 3765 unguibus
780 3685 1392 3772 5551155151551551111555555551515

216 3775 359 3858 finxisse,
384 3773 538 3858 inspicias
561 3773 655 3838 velim
680 3775 854 3860 praecipue
878 3795 910 3860 p.
928 3774 980 3838 36.
1020 3774 1143 3840 Eadem
1166 3776 1268 3843 forma
1288 3781 1393 3865 κῆρες,

217 3886 298 3951 quae
334 3871 366 3930 et
400 3865 492 3947 ipsae
526 3862 607 3928 nihil
642 3863 730 3928 aluid
753 3864 938 3946 significant
960 3865 1024 3930 uisi
1048 3866 1173 3931 animas
1199 3875 1391 3935 mortuorum

217 3955 343 4036 (hohde
372 3952 423 4020 Ρ5.
453 3957 480 4016 l.
506 3955 594 4034 239),
629 3972 700 4019 5555
727 3955 933 4039 putabantur,
969 3976 998 4021 1.
1028 3953 1099 4021 Η55.
1129 3975 1186 4039 sc,
1215 3957 1267 4023 ubi
1298 3960 1393 4044 κῆρες

216 4043 438 4111 (1555111551111
462 4062 490 4106 1.
515 4045 579 4106 253
604 4060 649 4124 sq.

646 4124 734 4218 ἀμφὶ
758 4127 819 4212 μὲν
841 4126 946 4194 aniame

322 4217 418 4304 βάλλ’
441 4215 557 4300 ὄνυχος
580 4217 750 4302 μεγάλους,
781 4215 873 4310 ψυχή
896 4216 1091 4286 δ”Ἀιδοσδε
1114 4225 1242 4311 κοιτῆιεν

328 4303 494 4396 Τάρταρον
518 4305 552 4384 ἐς
575 4306 763 4394 κρυόενθ’..
776 4358 783 4374 .
796 4358 803 4374 .

305 4422 335 4467 1.
361 4401 441 4465 263:
466 4394 500 4461 ἐν
523 4393 669 4476 δ’ὄνοχας
691 4402 804 4486 χεῖρας
818 4421 854 4462 τε
870 4398 1031 4486 θρασείας
1046 4395 1216 4466 ἰσώσαντο.
1245 4405 1392 4473 Eundem

217 4493 248 4557 iu
283 4489 412 4556 modum
442 4486 513 4574 Κήρ
540 4489 574 4553 15
607 4489 739 4577 Cypseli
769 4511 846 4558 arca
874 4491 951 4556 ficta
981 4498 1067 4558 erat:
1096 4491 1192 4559 Paos.
1223 4499 1252 4562 5.
1282 4499 1330 4563 19.
1359 4501 1392 4564 1:

216 4576 268 4644 καὶ
293 4573 323 4642 οἱ
347 4572 488 4640 καὶτῶν
510 4579 631 4662 χειροῖν
654 4572 739 4642 εἰσιν
762 4575 965 4658 ἐπικαμπεῖς
988 4574 1019 4642 οῖ
1044 4573 1164 4658 ὄνυχες.
1189 4583 1392 4662 Quinetiam
