3268 5050
212 249 256 310 58⁴

210 443 269 524 64)
292 439 480 528 α’γαθιίνζοί
510 441 616 523 πόνοι,
646 441 680 509 αἱ
713 443 747 509 δι’
780 443 891 532 ἡδοναὶ
921 443 955 508 ἐκ
986 445 1110 524 παντὸς
1138 447 1265 536 τρόπον
1288 450 1390 517 κακόν.

210 529 425 690 ἱπὶΡκοέἒοει
451 529 512 620 γιίρ
536 531 697 612 ἐλθόντας
720 535 771 598 ιλεῖ
795 534 1003 622 κολασθῆναι.
1034 539 1167 610 aristot.
1193 565 1246 625 ap.
1271 544 1390 610 Jaurbl.

209 808 266 885 65)
292 801 496 885 ὑπομένοντα
520 803 572 869 καὶ
598 801 711 886 ἔχοντα
733 801 903 889 τραίματα
926 802 960 868 ἐν
982 811 1043 870 τοῖι
1069 801 1261 896 ἔμπροσθεν
1282 812 1391 876 τελευ-

208 900 303 984 τῆσαι
328 890 467 979 ιῖγαθόν,
492 891 645 971 ἐναντίοις
669 891 705 956 δὲ
728 891 876 959 ἐναντίον.
906 897 1037 966 Aristot.
1063 899 1142 965 ibid.

209 1080 273 1240 ρὲὲ
289 1073 435 1234 γέιῖίέτρς
462 1066 582 1162 κράτει.
616 1076 736 1143 Jambl.
761 1077 864 1143 Protr.
889 1082 943 1143 21.
968 1080 1006 1146 oft
1035 1081 1072 1145 V.
1097 1080 1132 1146 P.
1157 1083 1210 1146 08.
1237 1086 1288 1145 71.
1318 1087 1388 1149 187.

207 1352 264 1432 67)
288 1343 431 1428 ἄσχίτωι
455 1344 572 1429 γέλωτι
596 1341 641 1432 prr}
666 1340 812 1426 ἔχεσθαι.
836 1348 954 1416 Jerrbl.
969 1348 1070 1415 Protr.
1087 1370 1116 1416 ο.
1132 1353 1183 1414 21.
1197 1351 1235 1417 of.
1254 1351 1388 1417 Vbnt.

207 1531 264 1608 68)
289 1525 433 1613 είορκεῖν
456 1524 493 1588 δὲ
517 1517 649 1589 πιίνταιν
672 1522 816 1604 μα’λιοτα
841 1525 1067 1610 παραγγέλλει,
1084 1524 1158 1590 ἐπεὶ
1175 1525 1298 1614 μακρὸν
1313 1525 1387 1592 τοί-ν

208 1616 308 1697 πίσιο,
331 1619 428 1691 θεοῖς
452 1613 489 1679 ot
513 1610 610 1678 οὐδὲν
632 1609 757 1700 μακρόν
780 1606 873 1678 εἶναι.
899 1616 1018 1684 lambi.
1045 1618 1081 1682 V.
1108 1618 1141 1684 Ρ.
1173 1624 1241 1685 155.

207 1803 263 1877 69)
289 1795 418 1860 πολλαῖι
449 1794 485 1859 δὲ
508 1793 632 1875 μᾶλλον
655 1791 848 1858 ἀδικεῖσθαι
874 1791 965 1860 ὅσιον
989 1787 1071 1860 εἶναι
1096 1794 1183 1881 λέγει
1209 1805 1228 1882 η’
1251 1795 1387 1860 κτείνειν

205 1887 396 1975 ι’ίνθριοπον,
433 1883 467 1950 ἐν
498 1881 597 1950 berino
628 1881 689 1971 γιίρ
722 1888 857 1948 κεῖσθαι
890 1882 947 1972 τήν
981 1883 1096 1972 κρίσιν.
1140 1888 1260 1956 Jarnbl.
1292 1889 1327 1952 V.
1351 1887 1385 1954 P.

295 2067 410 2136 Neseio
441 2089 481 2133 an
512 2087 581 2132 rum
611 2068 660 2133 bis
690 2067 858 2133 sententiis
890 2068 1063 2134 moralibus
1092 2068 1315 2152 coniungenda
1346 2071 1387 2136 sit

205 2181 299 2245 quam
318 2159 415 2225 Clem.
435 2160 551 2224 Strom.
569 2161 599 2222 5.
620 2162 651 2223 5.
668 2161 718 2222 28.
734 2159 763 2220 3.
778 2178 807 2239 p.
822 2160 864 2221 22
883 2153 934 2221 D't
958 2179 1023 2224 una
1047 2180 1115 2226 oum
1141 2160 1215 2225 aliis
1232 2158 1386 2246 symbolis

205 2250 314 2317 affert:
351 2253 407 2327 70)
444 2242 501 2308 ἐπὶ
538 2247 595 2327 γῆς
622 2241 667 2330 μὴ
697 2243 801 2306 πλεῖν.
826 2245 937 2328 Inepte
966 2247 1113 2315 Clemens
1142 2249 1385 2330 interpretatur:

207 2336 301 2425 δηλοῖ
337 2333 373 2397 δὲ
408 2329 448 2397 τοί
485 2331 560 2420 τέλη
594 2330 647 2397 καὶ
683 2329 723 2395 τιῖ
752 2329 852 2412 ὅμοια
878 2339 944 2397 τιῖν
965 2329 1190 2416 μιοθιομιίταν
1212 2331 1386 2422 ταραχώδη

203 2425 256 2490 καί
279 2421 403 2488 ι’ίστατα
424 2419 501 2486 ὄντα
522 2424 760 2508 παραιτεῖσθαι
792 2421 868 2487 δεῖν.
923 2426 1044 2493 Similis
1075 2433 1124 2493 ost
1152 2427 1232 2494 haee
1256 2427 1384 2494 dicendi

206 2519 308 2585 iorma
338 2516 446 2583 multis
475 2515 540 2579 illis
569 2515 736 2581 sententiis
760 2535 788 2580 ‘a
817 2513 1115 2600 paroemiographis
1143 2537 1240 2600 saepo
1264 2515 1385 2598 allatis

205 2609 317 2692 quibus
344 2623 406 2713 per
435 2603 650 2691 metaphoras.
668 2627 723 2696 ea,
751 2605 833 2687 quae
862 2606 929 2671 fieri
958 2607 1384 2689 nequeunt,sigui1ieantur,

203 2720 301 2784 quare
336 2692 393 2758 arri
430 2697 495 2757 τιῖν
529 2688 698 2756 obvanam
717 2693 802 2759 -adtli
832 2695 925 2778 solet,
958 2697 1059 2762 'veluti
1088 2692 1225 2780 νεφέλας
1253 2693 1384 2772 ξαίνειν,

203 2783 368 2861 πλίνθους
385 2777 530 2864 πλίνειν,
556 2778 605 2858 εἰς
622 2777 712 2867 ὕδωρ
729 2780 879 2866 σπείρειν
896 2786 1058 2868 multaque
1075 2787 1150 2852 alia.
1176 2789 1218 2866 (v,
1237 2786 1384 2872 inprimis

202 2878 349 2944 Paroom.
379 2881 406 2940 1.
431 2877 495 2938 342
520 2874 582 2957 sq.)
607 2877 752 2956 Apparet
774 2873 855 2939 talos
880 2875 1057 2942 sententias
1081 2878 1115 2941 in
1130 2877 1381 2960 'praeceptorum

202 2969 336 3034 sormam
368 2964 503 3030 redacta
532 2963 679 3039 hortari.
700 2963 740 3029 ne
770 2964 964 3030 inretitum
998 2966 1145 3030 nitamur.
1193 2964 1316 3031 Eadem
1342 2965 1383 3032 ‹l'e

203 3076 299 3124 eausa
322 3053 545 3121 Artemidorus
575 3056 603 3115 2.
631 3054 671 3116 23
703 3054 747 3136 (p.
770 3052 840 3116 116.
859 3056 889 3118 3.
907 3056 936 3120 9.
956 3057 997 3137 X)
1028 3057 1187 3121 fortunam
1212 3054 1381 3122 adversam

202 3145 350 3231 portendi
364 3143 453 3226 dicit,
467 3145 494 3208 si
507 3143 578 3226 quis
590 3144 623 3207 in
637 3143 836 3238 somniissper
851 3152 969 3210 terram
984 3146 1136 3226 navigare
1151 3145 1212 3210 sibi
1222 3144 1380 3212 videatur.

271 3234 439 3301 ‘Forsitan
464 3235 541 3300 itam
570 3231 613 3297 all
637 3232 810 3314 praecepta
835 3233 969 3300 litoralia
992 3236 1162 3317 pertineat,
1186 3234 1270 3316 quud
1295 3233 1380 3316 apud

200 3325 320 3393 Jambl.
340 3325 377 3390 V.
391 3323 425 3389 P.
448 3327 509 3388 154
526 3323 609 3389 inter
626 3322 774 3407 symbola
789 3323 981 3388 invenimus:
1006 3329 1060 3403 71)
1078 3318 1187 3410 imiter
1202 3319 1247 3407 rer}
1263 3319 1378 3402 ὀπτᾶν,

201 3416 301 3508 quod,⁴
328 3415 388 3481 nisi
413 3411 631 3496 frugalitatem
661 3413 694 3476 in
728 3411 852 3478 edendo
877 3414 1089 3498 sommendat,
1113 3411 1189 3498 quid
1212 3413 1275 3479 sibi
1300 3413 1380 3480 velit

201 3525 329 3590 ignoro·
362 3547 364 3552 ·

290 3684 417 3776 Deinde
452 3683 492 3751 de
526 3682 686 3750 nonnullis
722 3681 796 3748 aliis
832 3684 986 3768 symbolis
1017 3685 1115 3750 latius
1144 3703 1206 3750 non
1242 3680 1377 3748 disserui

199 3775 284 3856 ideo,
319 3771 418 3858 queri
433 3795 495 3840 uon
520 3773 810 3858 exsuperstitiono
834 3771 995 3859 populari,
1027 3773 1213 3856 quae-mibi
1239 3774 1378 3840 inaximo

201 3863 289 3932 cordi
314 3863 383 3946 luit,
420 3871 491 3930 orta
524 3859 610 3943 sunt,
626 3905 629 3914 ,
646 3861 704 3928 sed
734 3862 809 3944 quia
834 3865 865 3926 in
890 3864 936 3928 eis
960 3862 1083 3946 plaeite
1106 3863 1377 3949 Pythagoreorum

200 3960 312 4038 aperto
347 3961 491 4036 pugnant
523 3971 596 4018 sum
633 3951 747 4032 priscis
777 3950 996 4033 religionibus.
1044 3955 1254 4020 Suntautem
1281 3950 1376 4018 baec:

200 4043 257 4124 72)
282 4043 352 4117 τοῖς
385 4038 446 4120 μὲν
480 4035 646 4123 οὐρανίοις
682 4041 777 4113 θεοῖς
813 4036 957 4125 περιοσιί
989 4036 1088 4104 θύειν
1118 4036 1217 4125 ίίρτια
1246 4039 1282 4102 δὲ
1305 4042 1376 4114 τοῖς

200 4129 360 4216 χθονίοις.
384 4131 500 4216 Porph.
527 4130 562 4195 V.
587 4129 622 4194 P.
647 4132 699 4194 38.
725 4128 807 4196 Plut.
834 4128 924 4196 Nurn.
952 4153 979 4198 e.
1007 4135 1056 4197 14.
1084 4132 1149 4198 Ηοο
1171 4137 1374 4215 praecaptum

200 4222 352 4288 abhorret
364 4222 404 4286 ab
418 4242 475 4287 um
488 4221 645 4287 commu-ni
660 4219 864 4303 Graecorum,
881 4221 966 4304 apud
987 4241 1064 4304 quus
1085 4223 1208 4288 numeri
1224 4221 1374 4302 impares,

200 4312 372 4400 praeeipue
393 4311 517 4376 numeri
541 4311 625 4377 saeui
647 4307 692 4374 lll
712 4308 757 4374 111
777 4308 831 4375 Vll
856 4317 888 4377 et
911 4312 973 4394 ipsi
997 4319 1029 4378 et
1051 4313 1134 4380 inter
1157 4331 1192 4378 se
1216 4311 1373 4377 coniuncti

200 4400 332 4469 maximi
357 4407 450 4469 orant
473 4400 623 4467 momenti
646 4400 679 4464 in
704 4398 790 4466 uultu
813 4400 984 4468 inferorum
1008 4421 1037 4466 v.
1056 4401 1156 4483 Diels
1180 4402 1240 4468 sib.
1265 4400 1313 4466 Bl.
1331 4402 1374 4462 40

200 4513 245 4574 sq.
271 4483 347 4556 lam'
362 4488 936 4575 reoorrleruurPyt'hagoraoslinitum
961 4497 1055 4574 atquo
1079 4493 1183 4568 iomar
1207 4511 1263 4573 pro
1289 4491 1391 4573 prin·-

200 4581 284 4668 uipio
294 4577 574 4662 ,irreliorogeuutua
585 4577 742 4646 inlinitum
757 4587 792 4646 et
802 4599 863 4665 par
874 4601 931 4663 pro
942 4581 1213 4663 peiorelrabuisso
1223 4583 1371 4658 (aristot.
