3268 5050
232 213 275 273 48

233 425 331 471 causa
356 404 490 469 fortasse
514 425 553 469 ea
576 409 626 469 est
628 402 749 486 ‚quod
773 402 968 487 t·emporibus
992 403 1222 486 antiquissimis
1246 424 1308 470 non
1338 426 1409 472 raro

232 495 346 561 mortui
375 495 407 558 in
425 495 516 597 ipsis
544 493 659 560 linibus
689 492 879 599 sepulti
837 500 919 574 sunt,
897 491 1022 559 tvide
1049 491 1144 559 Paus.
1171 497 1198 557 5.
1226 497 1256 558 8.
1282 497 1318 558 3:
1343 491 1409 556 Kal

230 578 358 656 Ἠλεῖος
381 577 592 688 Κόροιβος
575 577 670 644 ενίκα.
717 601 813 643 εικοιν
839 578 898 659 μὲν
922 575 961 665 δὴ
986 575 1043 642 οὐκ
1068 572 1155 643 ibris
1178 577 1212 643 ἐν
1233 577 1408 661 Ὀλομπίαι

231 674 290 733 τοῦ
318 667 493 754 Κοροίβου,
521 664 627 755 τάφος
656 665 736 731 δι’
719 666 777 730 επὶ
805 671 875 744 τοῖς
904 666 1024 754 πέρασι
1055 671 1112 755 τῆς
1141 665 1279 745 Ἠλείας.
1310 672 1352 738 ib
1377 677 1408 740 8

233 762 286 826 26
300 764 331 824 3.
368 760 499 826 Fines
491 763 587 842 igitur
611 779 672 824 non
697 760 792 826 aliter
816 780 854 825 ac
876 761 1007 825 viaev
973 758 1016 841 (v.
1036 763 1146 843 supra)
1170 761 1253 827 iuter
1276 781 1315 826 ea
1338 763 1410 829 loca

233 851 393 916 numerari
409 871 449 933 po
452 858 569 934 terant,
583 850 696 933 quibus
709 850 848 915 maxime
861 850 988 915 animae
1000 856 1191 915 mortuorum
1206 861 1407 932 vagarentur.

321 938 355 1004 ln
380 939 611 1006 Germanomm
637 959 760 1021 quoqne
784 939 1007 1021 superstitione
1033 938 1091 1004 boc
1114 939 1318 1006 interdictum
1341 961 1407 1007 sae·

233 1029 365 1112 pissime
389 1030 578 1096 invenimus,
626 1029 705 1094 (lum
728 1028 857 1110 longum
883 1029 925 1093 sit
948 1047 1057 1094 omnes
1081 1029 1219 1094 omnium
1242 1029 1282 1095 de
1298 1031 1358 1097 lrao
1374 1052 1408 1097 re

231 1121 321 1185 locos
347 1138 518 1200 congerere
542 1124 574 1185 et
598 1137 785 1184 enumerare
810 1117 864 1199 (cs.
890 1117 1026 1183 indicem
1054 1116 1187 1184 Wuttkii
1213 1139 1236 1184 s.
1262 1140 1291 1182 v.
1320 1142 1408 1204 ,um-

231 1207 393 1290 kebren“)
416 1231 513 1274 unum
536 1215 743 1291 praeceptum
767 1206 841 1273 huic
865 1206 1063 1272 simillimum
1088 1205 1233 1292 afferam,
1254 1207 1302 1274 W.
1326 1210 1407 1275 631:

234 1299 313 1382 ,oui
338 1299 423 1364 foras
446 1299 523 1382 exit,
547 1319 587 1364 ne
612 1298 773 1380 respiciat,
798 1305 853 1362 aut
877 1297 1062 1362 calamitate
1086 1295 1223 1364 afflictus
1249 1298 1336 1365 brevi
1360 1319 1408 1364 re-

231 1386 401 1455 νιιιοιιι“.
450 1389 647 1470 Quamquam
678 1387 737 1452 ιιοο
763 1387 833 1452 loco
857 1386 964 1452 finium
990 1385 1113 1451 ιιοιιιιι
1099 1387 1264 1471 tmentio,
1299 1395 1407 1454 tamen

230 1478 321 1542 mult'
299 1489 340 1543 trs
364 1478 437 1543 aliis
461 1477 689 1544 Germanorum
714 1483 867 1558 superstit
827 1476 993 1542 titionibus
1018 1483 1154 1579 apparet
1176 1477 1263 1558 apud
1283 1485 1355 1543 nost
1356 1497 1407 1543 ros

231 1587 406 1722 quopue
377 1566 455 1634 lines
479 1587 535 1650 pro
558 1566 637 1632 locis
663 1565 872 1674 daemonibus
896 1565 1089 1648 gratissimis
1112 1565 1236 1649 haberi,
1260 1565 1306 1632 W
1331 1570 1406 1632 384.

230 1839 281 1899 44.
308 1835 366 1917 45)
391 1829 467 1898 οὐδὲ
496 1828 545 1908 εἰς
569 1824 843 1920 περιρραντήριον
866 1825 1050 1913 ἐμβάπτειν
1074 1827 1190 1894 οιιιὲ’
1173 1853 1207 1896 εν
1229 1831 1405 1914 βαλανείωι

230 1920 402 1986 λούεσθαι.
426 1925 559 1992 Aristot.
585 1945 636 2008 ap.
663 1923 782 1990 ιοιιιιι
798 1924 835 1988 V
850 1923 883 1988 Ρ.
899 1925 940 1986 83
954 1923 1038 2006 (64)
1064 1923 1187 1988 Aelian.
1214 1944 1240 1988 v.
1259 1923 1290 1989 ιι.
1308 1928 1339 1988 4.
1357 1929 1404 1988 l7.

319 2015 407 2092 Quae
430 2015 479 2082 his
501 2014 623 2080 duobus
639 2013 791 2099 symbolis
809 2013 923 2078 subicit
911 2019 961 2077 tur
977 2007 1385 2098 argumentatioddplov
1345 2033 1406 2099 γαρ

230 2095 943 2187 εἰκαθαρείοοοινοικοινωνοῦντες(ιοοιιι
965 2101 1001 2164 V.
1016 2101 1050 2166 P.
1065 2104 1134 2184 83),
1158 2123 1221 2168 non
1238 2103 1317 2170 mul
1304 2111 1406 2170 uma

115 2211 118 2216 ’
230 2194 404 2258 verahuius
417 2213 527 2274 supera
530 2193 652 2259 titionis
665 2193 788 2274 origine
801 2193 902 2258 abest.
916 2189 996 2256 Nam
1005 2152 1154 2270 Graecei,
1167 2192 1405 2278 sicoredebant,

229 2282 313 2364 quod
338 2289 473 2365 constat,
498 2302 581 2363 aqua
605 2282 684 2348 mult
671 2289 719 2348 tos
744 2281 903 2346 bominum
928 2281 1053 2348 morbos
1077 2301 1117 2348 ac
1141 2242 1315 2349 doloreset
1301 2289 1405 2349 teor-

229 2373 316 2453 poris
340 2379 373 2437 et
396 2372 494 2436 animi
519 2371 606 2436 ablui
630 2391 734 2454 posse,
758 2372 870 2436 timore
894 2390 1016 2452 quoque
1040 2372 1263 2454 necessaium,
1287 2393 1328 2437 ne
1343 2392 1406 2454 qna
1479 2420 1482 2426 -

229 2463 353 2527 ratione
390 2481 515 2544 aquam,
552 2481 632 2543 quae
667 2461 718 2526 vel
754 2461 787 2524 in
818 2461 948 2527 cortinis
971 2461 1023 2526 vel
1049 2462 1082 2526 iu
1107 2461 1245 2528 balineis
1275 2462 1404 2545 inesset,

231 2559 399 2633 tangentes
433 2550 499 2616 illis
536 2552 629 2617 malis
664 2570 721 2634 per
750 2552 970 2632 contagionem
1001 2549 1162 2634 quandam
1193 2551 1403 2618 inficerentur.

230 2642 302 2718 Qua
318 2642 452 2707 fortasse
478 2640 518 2705 de
544 2660 642 2706 causa
666 2648 699 2707 et
722 2640 866 2706 homines
890 2642 1012 2721 aegroti
1038 2640 1162 2706 balneis
1178 2641 1339 2707 abstinere
1356 2643 1403 2706 iu-

233 2731 388 2796 bebantur
412 2731 577 2815 (llippocr.
603 2724 680 2814 περι
705 2725 778 2813 ἱρῆς
802 2723 920 2791 νοιοοο
943 2748 969 2794 c.
995 2733 1024 2794 2.
1050 2729 1129 2795 Pliu.
1155 2733 1207 2795 28.
1226 2730 1284 2814 53)
1309 2737 1341 2796 et
1363 2733 1403 2815 ei,

229 2821 282 2903 qui
311 2820 353 2884 ad
378 2839 428 2885 res
452 2821 595 2900 magicas
623 2819 790 2884 faciendas
814 2839 848 2886 se
872 2820 1121 2904 praeparabant,
1144 2820 1232 2887 velut
1255 2827 1404 2887 narratur

227 2909 366 2975 Helenus
394 2917 486 2974 vates
510 2909 664 2974 Troianus
689 2908 813 2974 balneis
838 2908 1040 2992 abstinuisse,
1064 2912 1247 2993 priusquam
1270 2911 1403 2992 magicis

226 2998 496 3064 incantationibus
530 2993 696 3082 οιδεριιηι
733 3019 821 3064 sunm
856 2997 999 3081 lapidem
1033 3000 1156 3066 animat
1142 3007 1208 3066 tum
1244 2999 1402 3082 redderet,

227 3090 266 3154 οι
292 3087 467 3169 Orpbt
415 3086 498 3152 Lith.
524 3086 588 3151 366
613 3107 660 3168 sq.
685 3087 806 3165 (Abel).

314 3171 421 3262 ἤματα
448 3171 508 3254 μιν
535 3172 588 3261 ιρι
613 3171 665 3260 ἐφ’
688 3171 773 3238 ἓπτοι
797 3172 871 3261 βίην
893 3172 1031 3240 Ελένοιο
1056 3175 1229 3258 πέπυσμαι

315 3227 499 3352 ιιηλοτὲρης
522 3285 557 3326 ιε
581 3261 674 3343 λέχος
703 3260 836 3352 φεύγειν
863 3260 916 3327 καὶ
945 3261 1034 3329 κοινοὶ
1063 3262 1190 3352 λοειριι,

226 3358 373 3423 nimirum
399 3355 483 3437 quod
506 3361 562 3438 put
549 3355 641 3420 tabat
629 3363 699 3421 tse
722 3376 757 3422 re
781 3362 916 3440 utraque
940 3356 1038 3437 pollui
1062 3365 1095 3423 et
1082 3357 1160 3422 tad
1184 3377 1234 3423 res
1259 3358 1401 3439 rrmgioas

134 3509 136 3515 ,
225 3445 426 3530 peragendas
451 3444 638 3510 debiliorum
665 3444 742 3510 fieri.
784 3445 883 3522 Quam
910 3447 1003 3510 nimis
1021 3445 1082 3532 Pyt
1083 3446 1268 3528 hagorlstae
1288 3449 1400 3513 sae'cu-

225 3537 325 3602 lorum
341 3535 386 3601 IV
403 3543 434 3600 et
450 3534 491 3600 lll
509 3535 568 3600 hoc
584 3544 787 3618 praeceptum
806 3537 1058 3618 observaverint,
1076 3534 1192 3601 docent
1210 3536 1399 3602 comicorum

226 3646 334 3692 versus
350 3621 406 3707 τήν
421 3619 576 3685 ἀλουσίαν
592 3623 718 3690 illorum
742 3623 942 3690 illudentium
968 3624 1041 3706 (bg.
1066 3644 1144 3690 com.
1169 3625 1220 3691 ed.
1247 3625 1344 3690 llock.
1371 3629 1400 3689 2.

225 3718 299 3777 370.
326 3716 416 3792 280).
436 3712 512 3778 ltem
530 3713 615 3795 apud
632 3724 742 3794 gentes
757 3713 940 3796 Papuauas,
965 3715 1015 3796 qui
1034 3734 1084 3779 res
1102 3715 1245 3794 magicas
1261 3715 1400 3780 facturus

225 3812 282 3885 est,
319 3803 443 3868 balneis
474 3803 626 3884 abstinet,
659 3804 696 3868 cl.
731 3801 859 3884 Kobler,
894 3802 989 3868 Arclr.
1019 3803 1040 3867 l.
1070 3803 1273 3885 Religionsw.
1307 3807 1400 3869 1901.

225 3915 255 3976 p.
282 3895 356 3955 347.
396 3891 538 3957 Similem
565 3912 691 3957 causam
716 3891 846 3958 subesse
870 3893 1014 3975 auspicor
1037 3894 1257 3975 superstitioni
1273 3892 1399 3958 cuidam

225 3983 452 4050 Germanorum
489 3980 584 4046 medii
620 3981 703 4062 aevi,
738 3983 790 4063 qui
827 3983 929 4065 „feria
963 3982 1061 4048 tertia
1097 3983 1305 4050 carnisbrevii
1337 4001 1399 4047 non

223 4072 390 4138 intrabant
414 4069 594 4153 balneum“‚
619 4071 658 4137 cl.
684 4070 816 4153 Usener,
841 4071 913 4138 (lhr.
939 4071 1064 4138 Festbr.
1088 4075 1141 4136 84.
1170 4076 1217 4136 13.

224 4251 280 4329 46)
306 4244 366 4334 Μή
392 4245 489 4311 παντὶ
514 4240 689 4329 ἐμβάλλειν
706 4241 826 4327 δεξιάν.
850 4249 987 4316 Andros.
1013 4271 1065 4333 ap.
1079 4251 1164 4334 Pspl.
1178 4251 1199 4315 l.
1214 4270 1240 4315 c.
1254 4250 1348 4332 Diog.
1362 4249 1398 4314 L.

223 4343 253 4404 8.
283 4344 331 4404 17.
358 4339 455 4406 liant.
478 4359 567 4422 prov.
595 4342 623 4402 2.
653 4341 691 4402 l3
716 4339 765 4420 (P.
791 4343 821 4403 2.
848 4341 936 4422 760).
961 4375 1005 4386 -
1022 4340 1142 4405 Jambl.
1166 4339 1270 4407 Protr.
1291 4343 1399 4404 21.—

224 4428 307 4495 Plut.
333 4430 374 4495 de
398 4430 490 4494 amic.
515 4427 602 4494 mult.
628 4449 654 4492 e.
680 4426 710 4491 6.

312 4520 509 4600 Quamquam
545 4518 647 4598 primo
684 4527 814 4601 aspectu
844 4518 938 4584 facile
963 4519 1231 4584 commovebimur
1254 4524 1290 4582 ut
1314 4539 1399 4603 sym·
