3268 5050
1351 251 1393 312 37

217 448 300 532 quod
325 449 388 516 olei
413 429 467 514 vel
487 448 614 515 resinae
638 447 706 512 eius
723 446 822 512 tiebat
837 465 911 511 usus
927 447 959 510 in
977 445 1188 513 cadaveribus
1204 444 1392 528 tractandis

217 559 297 624 qnae
321 539 375 605 diu
400 559 419 604 a
443 536 613 624 putredine
637 556 766 602 serrare
791 535 978 620 putabatur3
1016 537 1089 618 quin
1115 537 1211 600 etiam
1237 534 1393 600 mirabili-

217 648 286 694 ores
311 630 393 694 vires
419 626 504 694 cedri
529 627 616 708 ligno
642 625 774 692 ascribit
820 624 926 691 Diosc.
942 646 980 691 m.
996 647 1036 691 m.
1055 629 1081 689 l.
1100 629 1176 689 105:
1195 618 1332 702 δύναμιν
1357 619 1393 684 δὲ

218 711 282 796 ε”χει
318 711 478 802 σηπτικὴν
512 713 572 794 μὲν
601 717 667 776 τοῖν
697 705 858 798 ἐμψύχων
888 708 1087 799 φολακτικιξν
1116 709 1152 774 δὲ·
1179 715 1245 775 τοῖν
1274 714 1393 796 νεκρῶν

216 799 385 885 σωμάτων,
409 801 492 868 ὅθεν
514 800 567 867 καὶ
591 804 705 889 νεκροῦ
727 797 814 888 ζωήν
837 823 924 878 τινες
946 797 1047 888 αὐτῆν
1064 793 1226 878 ἐκάλεσαν,
1251 803 1289 870 cf.
1308 799 1391 868 Plln.

305 985 383 1052 (lum
412 984 512 1052 semel
535 983 578 1050 ad
601 984 732 1050 arbores
757 982 885 1051 deducti
909 983 1007 1051 simus
1034 983 1100 1048 iam
1130 983 1240 1048 veniat
1263 984 1296 1047 in
1322 981 1389 1048 dis-

215 1075 412 1157 putationem
437 1094 453 1141 s
477 1074 614 1140 mbolum

217 1166 271 1244 29)
295 1159 379 1248 μηδὲ
403 1096 536 1247 spodium
560 1154 721 1247 φυτεύειν.
734 1161 816 1229 Plut.
831 1161 872 1227 do
885 1161 923 1227 Is.
938 1165 1003 1226 354
1018 1161 1054 1228 F.
1068 1161 1196 1245 Hippol.
1210 1161 1277 1229 Res¹
1294 1161 1324 1228 6.
1339 1166 1390 1228 27.

306 1253 355 1320 De
380 1254 514 1333 ratione,
539 1273 620 1335 quae
643 1253 727 1317 inter
750 1252 890 1334 palmam
916 1258 948 1318 et
972 1252 1090 1318 cultum
1109 1251 1270 1334 Apollinis
1294 1251 1392 1317 inter-

217 1343 304 1411 cedit
327 1342 402 1424 (Od.
427 1339 445 1419 ζ
473 1343 544 1407 167.
574 1341 688 1428 Hymn.
718 1342 750 1405 in
776 1341 882 1423 Apoll.
909 1340 981 1406 Del.
1011 1345 1082 1406 117.
1107 1340 1189 1407 Plut.
1216 1361 1308 1408 conv.
1335 1341 1391 1406 Vll

217 1453 284 1515 sap.
301 1436 353 1514 21,
377 1433 417 1499 de
439 1431 704 1518 Pyth.orac.12.
729 1430 822 1496 Paus.
841 1435 890 1495 10.
909 1434 957 1495 15.
973 1433 1007 1509 3)
1031 1431 1166 1512 cogitari
1191 1452 1254 1498 non
1277 1438 1390 1511 potest.

217 1520 298 1588 Nam
327 1531 392 1589 tum
418 1527 659 1604 expectaremus
683 1517 822 1602 palmam
848 1521 900 1586 rel
924 1519 1011 1586 laedi
1036 1519 1087 1585 vel
1111 1519 1204 1586 caedi
1228 1520 1319 1588 nefas
1344 1522 1390 1586 iu-

216 1611 328 1677 dicari.
368 1609 478 1693 Neque
501 1610 687 1694 interpretis
712 1610 832 1692 antiqui
857 1610 1093 1692 argumentatio
1118 1610 1194 1675 mihi
1220 1611 1388 1691 probatur:

215 1697 401 1784 φιλονικίαν
424 1695 458 1761 ἐν
481 1694 582 1762 οἰκίαι
607 1694 652 1782 μῆ
676 1693 899 1774 καταοκειίαζε.
938 1692 1045 1784 μάχης
1069 1692 1130 1781 γαρ
1154 1695 1206 1760 καί
1225 1696 1391 1783 διαφορᾶς

215 1785 460 1874 ἐστινὸφοῖνιξ
473 1789 615 1873 σημεῖον.
641 1788 783 1870 (Hippoi,
796 1788 818 1852 l.
831 1787 867 1868 l.)
894 1786 1051 1870 Equidem
1076 1807 1263 1869 persuasum
1288 1788 1391 1854 habeo

216 1879 432 1961 explicatione
454 1885 520 1944 tam
546 1899 585 1942 ex
610 1876 780 1959 longinquo
805 1877 962 1943 arcessita
986 1897 1064 1959 opus
1083 1896 1143 1942 non
1161 1896 1240 1943 esse.
1289 1878 1392 1960 Atque

216 1970 351 2050 primurn
365 1966 491 2051 quidem
504 1967 573 2034 fieri
588 1974 705 2049 potest,
716 1975 753 2033 ut
764 1967 859 2033 timor
871 1966 927 2033 ille
939 1987 1091 2033 novarum
1106 1987 1221 2048 rerum,
1235 1966 1275 2032 de
1287 1968 1392 2048 quoin

216 2057 356 2123 metallis
380 2056 530 2139 diximus,
554 2056 736 2122 hominibus
754 2056 952 2138 simplicibus
969 2056 1110 2139 palmam
1127 2057 1160 2121 in
1179 2056 1391 2138 suspicionem

216 2147 390 2228 vocaverit,
421 2147 608 2228 praesertim
638 2166 708 2211 cum
735 2147 768 2210 in
797 2146 914 2228 palmis
942 2166 1006 2212 non
1031 2145 1188 2229 deessent,
1220 2166 1302 2228 quae
1325 2145 1392 2211 tale

216 2235 365 2318 quiddam
395 2234 520 2302 efficere
548 2243 686 2319 possent,
717 2256 786 2302 eum
816 2234 882 2301 alia
912 2242 976 2301 tum
1006 2236 1090 2320 quod
1110 2236 1244 2302 animali
1267 2237 1392 2302 ratione

216 2324 394 2408 caprificari
420 2325 577 2408 solebant,
601 2344 695 2407 quam
721 2346 785 2391 rom
811 2326 981 2408 scriptores
1006 2347 1069 2392 non
1093 2327 1162 2392 sine
1179 2326 1392 2393 admiratione

217 2413 410 2499 describunt,
441 2415 596 2498 Theophr.
629 2416 660 2482 h.
691 2417 735 2498 pl.
766 2418 795 2479 2.
820 2419 851 2480 8.
877 2419 906 2481 4.
937 2415 1018 2481 Plin.
1049 2419 1098 2480 13.
1124 2419 1176 2482 35.
1224 2415 1287 2481 Sed
1316 2417 1393 2482 licet

217 2504 276 2570 hoe
299 2505 531 2587 neglegendum
556 2525 618 2570 non
642 2507 685 2570 sit
704 2506 738 2569 in
753 2504 897 2589 symbolo
915 2505 1167 2587 interpretando,
1183 2514 1291 2571 tamen
1307 2506 1391 2572 ratio

217 2594 317 2660 multo
347 2594 522 2676 simplicior
550 2595 680 2660 maioris
709 2595 858 2660 momenti
889 2593 965 2659 mihi
995 2595 1093 2660 luisse
1122 2593 1257 2660 videtur.
1310 2593 1389 2659 Nam

217 2703 286 2750 cum
311 2682 436 2749 cultura
457 2683 636 2765 palmarum
660 2682 778 2749 multos
802 2683 957 2765 praebeat
972 2683 1101 2750 labores
1119 2704 1157 2750 ac
1174 2682 1391 2765 difficultates,

216 2780 251 2839 ut
278 2773 498 2854 cognoscimus
525 2771 680 2854 Theophr.
709 2773 739 2838 h.
768 2773 811 2856 pl.
842 2776 872 2838 2.
897 2773 927 2837 6.
954 2777 972 2838 2
1002 2793 1050 2857 sq.
1086 2773 1183 2856 Geop.
1213 2777 1262 2836 10.
1288 2775 1307 2836 3
1332 2792 1390 2855 sq,

217 2883 317 2946 neque
341 2862 498 2929 Graeciae
521 2881 623 2946 neque
646 2861 762 2928 ltaliae
785 2863 853 2928 sole
877 2864 996 2930 fructus
1021 2883 1129 2930 earum
1154 2861 1196 2928 ad
1223 2863 1390 2929 maturita-

215 2959 279 3019 tem
309 2959 544 3036 percoquuntur
571 2951 740 3036 (Theophr.
772 2951 802 3017 h.
828 2952 871 3039 pl.
898 2955 928 3017 3.
954 2957 983 3019 3.
1010 2958 1041 3018 5.
1068 2953 1170 3020 Varro
1195 2951 1283 3018 der.
1309 2974 1334 3017 r.
1360 2954 1389 3017 2.

220 3047 245 3106 1.
272 3046 336 3125 27,
366 3046 396 3106 2.
423 3047 451 3106 2.
477 3047 507 3108 8.
538 3041 619 3109 Plin.
654 3046 701 3107 13.
729 3043 796 3126 26),
833 3063 936 3110 nonne
964 3043 1136 3126 intellegis,
1172 3063 1227 3109 cur
1253 3042 1391 3109 rusticus

215 3134 363 3216 antiquus
397 3134 487 3216 quasi
524 3134 614 3199 nefus
650 3132 779 3198 duxerit
812 3134 846 3198 in
875 3133 989 3199 arbore
1017 3140 1082 3199 tam
1111 3133 1218 3199 inutili
1246 3132 1391 3214 quamvis

215 3229 300 3289 esset
323 3223 560 3305 speciosissime
587 3229 730 3304 tempore
759 3229 791 3288 et
819 3222 939 3288 viribus
963 3219 1072 3287 abuti?
1119 3221 1179 3286 Est
1206 3223 1305 3303 igitur
1332 3221 1392 3288 hoc

215 3312 392 3397 symbolum
417 3333 512 3378 unum
542 3332 660 3393 eorum,
689 3331 770 3394 qnae
799 3311 930 3378 multum
959 3311 1076 3378 absunt
1105 3332 1124 3376 a
1153 3312 1390 3392 superstitione,

216 3401 303 3464 cuius
326 3399 413 3465 modi
436 3400 530 3482 plura
552 3400 637 3466 infra
657 3399 887 3465 exhibebimus.
928 3400 971 3466 Et
987 3401 1134 3483 quoniam
1153 3399 1238 3481 apud
1255 3399 1391 3466 rusticos

217 3494 249 3553 et
272 3487 431 3567 agricolas
454 3490 637 3570 superstitio
662 3508 787 3570 semper
810 3489 978 3570 plurimum
995 3490 1097 3556 valuit
1115 3490 1274 3571 valetque,
1295 3489 1391 3554 facile

216 3576 415 3658 perspicitur,
431 3595 529 3658 quare
545 3576 605 3642 hoc
626 3578 993 3662 praeceptumrusticum
1016 3598 1085 3644 cum
1107 3577 1388 3660 superstitionibus

215 3665 281 3731 illis
305 3665 504 3731 coniunctum
528 3665 684 3732 tradatur.

455 3985 499 4055 F.
523 3984 584 4055 De
608 3983 877 4074 supellectile
903 3984 1145 4057 domestica.

216 4117 271 4198 30)
295 4109 392 4196 ζυγὸν
418 4108 463 4199 μὴ
492 4108 714 4199 ὑπερβαίνειν.
743 4113 927 4201 Androcyd.
952 4135 1003 4198 ap.
1028 4114 1144 4200 Tryph.
1168 4114 1189 4179 l.
1207 4133 1234 4179 c.
1250 4113 1391 4180 Demetr.

217 4205 291 4288 Byz.
316 4203 446 4286 (Athen.
475 4208 523 4268 10,
549 4206 637 4284 457).
671 4203 757 4286 Pspl.
782 4205 805 4269 l.
832 4225 857 4270 c.
888 4203 1004 4287 Porph.
1031 4204 1067 4268 V.
1092 4204 1127 4269 P.
1152 4206 1206 4268 42.
1234 4203 1328 4285 Diog.
1353 4203 1389 4268 L.

216 4296 247 4444 151.
273 4298 385 4448 ἑ7.3(-)-
418 4292 536 4359 Jambl.
561 4292 663 4360 Protr.
691 4297 742 4360 21.
761 4330 800 4340 -
820 4293 864 4358 id.
890 4293 927 4358 V.
952 4293 987 4359 P.
1017 4291 1256 4361 rsa-clem.
1282 4299 1390 4359 strom.

217 4561 272 4642 31)
296 4553 396 4645 σοίρον
417 4555 462 4645 μή
487 4557 705 4645 ὑπερβαίνειν.
729 4560 812 4628 Plut.
837 4582 887 4646 qu.
913 4562 1003 4629 Rom.
1025 4565 1096 4629 112.
1121 4582 1172 4644 qu.
1197 4583 1286 4629 conv.
1311 4565 1341 4626 8.
1360 4564 1390 4625 7.

216 4648 357 4733 (Hippol.
382 4649 451 4718 Ref.
477 4651 506 4718 6.
534 4653 586 4717 27:
611 4644 732 4736 ὀίσαρον
755 4646 800 4738 μῆ
825 4647 1057 4738 ὑπερβαίνειν).
