3268 5050
215 267 257 328 42

215 463 328 546 potuit,
352 469 385 527 ut
411 482 466 545 pro
491 464 596 545 scopis
620 462 663 528 ad
689 482 814 530 mensas
839 470 872 528 et
894 463 992 530 sellas
1017 463 1233 531 deverrendas
1257 463 1389 530 adhibe·

214 558 331 619 rentur.

302 640 369 706 Iam
394 641 438 706 ad
460 642 640 727 symbolum
664 642 939 724 interpretandum
953 643 1194 710 reminiscamur
1208 643 1288 709 iacis
1300 662 1388 710 usum

214 738 343 813 propter
356 731 419 795 vim
439 733 655 813 purgatoriam
673 732 738 812 igni
757 732 946 799 attributam
963 733 1150 813 saepissime
1165 735 1198 799 in
1215 733 1387 799 inferorum

213 828 246 885 et
268 822 448 886 animarum
472 821 559 887 cultu
579 821 657 902 fieri,
682 821 721 886 cf.
739 821 841 904 Diels,
864 821 924 888 sib.
947 821 997 887 Bl.
1015 825 1056 886 47
1074 842 1119 904 sq.
1168 821 1256 900 Quod
1274 823 1388 904 siquis

215 911 391 992 respexerit
426 911 522 976 facile
556 910 693 996 symboli
722 931 848 976 sensum
874 911 1064 978 enucleabit.
1113 911 1183 976 llax
1208 913 1292 978 enim
1317 931 1387 976 curu

213 1008 296 1066 esset
321 1001 503 1066 necessaria
527 1000 569 1066 ad
593 1020 687 1066 sacra
710 1001 821 1066 inieris
845 999 1041 1081 facienda‚t
1027 1008 1190 1084 tamquam
1216 1001 1386 1067 inferorum

213 1109 282 1155 esse
311 1097 367 1174 put
354 1089 446 1154 ttaba
433 1099 493 1171 t‚nr
521 1096 568 1155 ra
591 1097 626 1156 u
648 1090 680 1154 in
705 1109 775 1155 eam
802 1091 848 1155 vis
873 1110 967 1156 sacra
989 1091 1118 1156 illorum
1142 1091 1389 1170 transmigrasse

214 1177 384 1245 videretur.
432 1177 541 1262 ltaque
565 1179 709 1246 homines
733 1173 944 1262 superstitiosi
970 1180 1138 1263 cavebant,
1163 1202 1202 1246 ne
1226 1181 1295 1246 face
1315 1180 1387 1246 sub·

213 1268 307 1333 sellia
339 1268 515 1334 domestica
539 1277 709 1349 tangerent
733 1289 830 1373 eoque
853 1269 919 1334 illis
943 1271 1006 1335 vim
1032 1231 1197 1336 nocen’tem
1222 1271 1387 1348 inicerent,

211 1379 282 1423 cum
306 1357 466 1438 timerent,
443 1366 532 1423 tne
556 1357 758 1424 insidendo
749 1381 781 1423 ιιι
807 1358 999 1425 daemonum
1024 1365 1213 1437 potestatem
1232 1359 1395 1425 venirent.

214 1446 306 1524 Quod
323 1447 485 1513 artissime
509 1449 655 1530 congruit
678 1469 746 1513 cum
771 1449 997 1530 superstitione
1013 1449 1072 1513 illa
1089 1448 1317 1515 Germanorum
1335 1469 1386 1514 ve·

211 1543 299 1602 tante
324 1536 440 1619 scopis,
476 1557 615 1620 quae,u
617 1539 869 1620 tcognovimus,
893 1538 1071 1620 etipsae
1062 1545 1145 1603 mter
1169 1559 1219 1604 res
1243 1538 1387 1620 magicas
1426 1613 1432 1624 ,

212 1626 424 1691 numerabant
410 1632 471 1710 t‚ur
496 1646 623 1692 mensas
647 1647 687 1694 ac
709 1647 842 1693 scamna
865 1626 999 1693 deverri.
1046 1628 1098 1708 (ci.
1124 1649 1154 1710 p.
1180 1627 1248 1711 39).

210 1807 266 1885 37)
291 1798 401 1881 ὀξεῖαν
423 1802 588 1888 μάχαιραν
611 1800 845 1910 ἀποστρέφειν.
875 1806 1014 1872 Androc.
1039 1827 1091 1888 ap.
1111 1805 1210 1910 Diog.
1232 1806 1256 1871 L
1283 1811 1316 1871 8.
1336 1811 1385 1872 17.

210 1931 248 1941 -
275 1893 377 1960 Protr.
403 1899 440 1959 21
469 1899 533 1972 (οι
483 1889 533 1972 ὀξι
530 1891 596 1955 ''dc
599 1899 610 1972 l
634 1889 860 1998 ἀποστρέφειν
883 1890 951 1958 α’πὸ
981 1898 1113 1972 σαυτοῦ,
1143 1889 1229 1980 πρὸς
1259 1887 1295 1957 ο“ν
1323 1893 1385 1981 γάρ

208 1977 303 2068 rixae
328 1980 586 2068 ἑπεστραμμένη
611 1978 794 2067 ἐπίληπτος
819 1976 932 2065 ἔσται).

298 2073 389 2151 Quod
416 2073 616 2140 lamblichus
650 2073 743 2138 addit
730 2080 858 2155 teum,
894 2075 926 2139 in
962 2096 1056 2158 quem
1091 2077 1178 2141 acies
1210 2094 1304 2141 versa
1333 2077 1385 2157 sit,

209 2163 404 2229 comitialem
438 2163 518 2244 ficri,
554 2182 682 2245 prorsus
717 2125 867 2230 convenit
898 2165 1118 2232 consuetudini
1149 2165 1385 2245 superstitionis

208 2274 271 2335 qua
306 2253 494 2334 saepissimo
529 2258 718 2334 argumenta
753 2253 909 2334 quaedam
946 2255 1149 2337 ineptissima
1184 2261 1216 2320 et
1245 2255 1386 2321 rationes

209 2342 407 2408 extrinsecus
424 2347 572 2422 arreptae
589 2341 830 2422 agglutinantur
854 2343 906 2420 (cf.
926 2365 954 2424 p.
980 2343 1050 2426 43).
1101 2341 1181 2409 Νοιιι
1200 2343 1384 2426 plerumque

208 2439 265 2498 aut.
305 2451 422 2498 causae
463 2431 697 2496 moestissimae
738 2429 928 2514 afferuntur,
971 2433 1088 2500 dicitur
1123 2433 1183 2500 hoc
1214 2433 1266 2499 vel
1301 2432 1383 2499 illud

209 2518 428 2604 ,calamitati“
463 2528 518 2586 aut
550 2520 699 2600 ,infausti
728 2519 862 2587 ominis¹⁴
894 2528 951 2587 aut
981 2522 1042 2600 ,ad
1071 2523 1174 2589 multa
1197 2519 1286 2588 usur‘
1313 2542 1383 2590 esse

212 2611 267 2693 (cf.
293 2611 433 2694 exempli
458 2611 565 2692 gratia
589 2611 658 2676 Ael.
683 2632 713 2675 n.
740 2631 769 2675 a.
800 2615 848 2675 lb.
869 2615 899 2676 2.
916 2633 947 2694 p.
966 2613 1031 2676 368
1048 2613 1090 2694 ll)
1108 2619 1163 2679 aut
1179 2612 1383 2678 confirmatur

208 2702 353 2767 homines
377 2702 488 2783 quovis
512 2707 684 2782 praecepto
704 2701 850 2782 neglecto
867 2702 899 2765 in
918 2701 1043 2767 morbos
1060 2701 1215 2784 quosdam
1231 2701 1381 2766 incidere.

206 2811 287 2873 quae
323 2812 357 2856 rc
395 2810 471 2856 vera
506 2789 548 2855 ad
582 2790 737 2868 originem
774 2792 879 2875 ipsam
908 2791 988 2856 nihil
1018 2791 1148 2857 faciunt.
1196 2790 1287 2868 Quod
1315 2798 1380 2857 tum

206 2882 349 2946 maxime
378 2879 444 2944 tieri
471 2885 717 2944 consentaneum
741 2889 801 2961 est,
832 2901 902 2944 cum
928 2881 1070 2946 homines
1094 2881 1319 2963 superstitiosi,
1347 2889 1381 2947 ut

205 2971 391 3052 plerumque
404 2969 450 3050 fit,
476 2968 515 3034 de
532 2988 608 3034 vera
624 2988 722 3034 causa
738 2977 978 3050 praeceptorum
995 2971 1110 3036 incerti
1127 2978 1209 3053 sunt,
1227 2970 1312 3055 quod
1328 2969 1379 3036 bic

206 3079 328 3141 quoque
352 3057 480 3123 accidit.
513 3057 641 3124 Similes
658 3058 742 3123 enim
760 3058 894 3123 aliorum
912 3059 1100 3142 populorum
1116 3079 1219 3125 moros
1242 3095 1277 3104 —
1295 3059 1382 3138 apud

206 3150 354 3230 antiquos
383 3147 475 3230 plura
504 3147 640 3228 vestigia
674 3147 763 3212 nulla
797 3149 903 3213 inveni
929 3156 1105 3231 —aperte
1139 3149 1256 3215 docent
1278 3149 1379 3215 aciem

206 3237 298 3303 cultri
323 3235 396 3302 idco
420 3256 548 3319 semper
561 3237 646 3302 infra
660 3256 783 3303 versam
802 3238 923 3320 haberi,
941 3239 1025 3323 quod
1041 3237 1212 3305 daemones
1230 3245 1379 3304 nocentes

205 3328 276 3392 acie
310 3346 408 3408 supra
436 3346 530 3392 versa
564 3326 643 3392 laesi
680 3325 821 3393 homines
857 3329 1000 3394 incautos
1033 3329 1144 3394 ulcisci
1173 3327 1377 3411 putabantur.

206 3415 299 3498 Apud
325 3415 441 3481 multas
466 3417 549 3480 enim
574 3423 686 3496 gentes
711 3425 744 3482 et
772 3417 874 3484 cultas
902 3426 935 3484 et
963 3417 1099 3484 incultas
1129 3419 1161 3482 in
1189 3416 1379 3500 quibusdam

206 3507 290 3572 vitae
316 3506 562 3585 discriminibus,
592 3514 627 3570 ut
651 3506 779 3572 bomine
804 3516 925 3574 mortuo
950 3508 1001 3573 vel
1024 3508 1158 3573 muliere
1181 3507 1379 3588 parturiente

205 3596 349 3663 homines
377 3596 506 3661 omnino
536 3596 638 3661 acutis
666 3598 765 3662 armis
790 3604 823 3662 et
845 3597 1064 3664 instrumentis
1087 3599 1133 3662 uti
1158 3601 1316 3678 vetantur,
1340 3617 1379 3661 nc

204 3686 253 3749 ira
277 3685 478 3768 daemonum,
507 3686 560 3768 qui
585 3696 652 3750 tum
677 3688 828 3767 temporis
853 3689 992 3753 maxime
1016 3688 1128 3768 vagari
1154 3693 1315 3769 putantur,
1340 3706 1379 3750 ea

204 3776 330 3840 ratione
360 3776 558 3858 incitaretur,
591 3776 630 3839 cf.
656 3774 708 3841 Fr.
739 3779 844 3840 neto
868 3796 914 3859 sq.
963 3776 1051 3854 Quae
1074 3777 1181 3858 opinio
1205 3774 1378 3841 rudissima

204 3863 359 3947 paulatim
385 3864 588 3930 Christianae
611 3866 781 3947 praecipue
805 3867 960 3932 ecclesiae
984 3867 1176 3932 auctoritate
1192 3866 1378 3931 immutatur

203 3961 299 4036 atque
317 3953 488 4036 mitigatur.
526 3953 734 4037 (quamquam
751 3953 845 4020 bodie
862 3975 984 4037 quoque
1000 3956 1139 4036 vestigia
1153 3955 1221 4021 eius
1237 3960 1375 4020 exstant.

204 4065 232 4109 v.
248 4042 286 4110 W
301 4044 383 4108 460:
409 4043 516 4110 Culter
540 4043 610 4108 acie
633 4061 729 4124 supra
744 4062 837 4107 versa
861 4045 895 4108 in
918 4064 1029 4110 mensa
1052 4065 1114 4110 non
1138 4043 1304 4126 ponendus
1329 4051 1378 4109 est

203 4134 278 4215 quia
308 4133 455 4200 diabolus
485 4129 704 4214 inequitatur).
753 4131 940 4216 Plerumque
971 4134 1099 4200 animae
1126 4140 1319 4198 mortuorum
1343 4133 1376 4198 in

204 4223 292 4289 locos
310 4221 500 4288 daemonum
518 4220 703 4304 succedunt,
728 4221 840 4288 horum
864 4230 966 4290 metus
990 4223 1117 4289 illarum
1135 4220 1376 4288 misericordiae

202 4312 358 4379 concedit.
396 4312 484 4377 Sicut
499 4310 654 4377 Rumaeni
672 4311 933 4395 Transsilvanici,
958 4313 1031 4379 dum
1056 4313 1157 4380 lectus
1181 4311 1322 4377 funebris
1342 4312 1375 4376 in

201 4453 415 4461 -—..---—-—

274 4481 360 4553 libr
388 4486 536 4541 secundum
563 4487 775 4570 lexicographos
793 4489 864 4543 idern
884 4496 926 4542 est
945 4495 1028 4556 atque
1047 4487 1230 4542 acetabulum.
1269 4487 1322 4542 Sed
1341 4503 1376 4542 ex

202 4555 292 4624 ipsius
312 4556 460 4612 Jamblicbi
480 4559 718 4643 interpretatione
731 4561 823 4614 evenit
850 4555 915 4620 ὀξίδα
944 4562 989 4613 bic
1017 4560 1086 4612 nibil
1115 4559 1190 4612 aliud
1219 4558 1375 4626 significare

202 4641 284 4694 quem
304 4622 379 4686 ὀξεῖαι
399 4628 520 4700 μάχαιραν
539 4629 672 4697 Diogenis
690 4631 745 4684 nisi
763 4630 863 4686 notitia
882 4631 966 4700 paulo
985 4628 1163 4699 amplificata.
1182 4629 1218 4686 cf
1237 4629 1373 4685 Kiesslin·

200 4696 274 4765 giurn
294 4698 375 4752 adh.
396 4699 414 4756 l.
433 4701 606 4770 Protreptici.
