3268 5050
217 566 305 610 orum
331 544 384 609 via
406 541 521 607 dextra
545 536 700 602 faustinis
724 537 829 600 omine
853 537 951 601 initur
967 535 1139 619 (Schmidt,
1157 536 1211 602 Gr.
1231 535 1393 616 Marenen,

217 628 484 712 sagenarum.
511 634 528 693 7
555 625 659 706 618).
708 623 740 689 ln
772 625 918 692 Gervasii
951 625 992 692 de
1021 626 1153 711 Tilbury
1183 625 1265 692 Otiis
1289 624 1394 710 116116-

144 733 146 738 ’
218 723 350 789 cialibus
380 720 455 804 (scr.
489 717 589 800 1211)
619 721 769 780 narratur
805 711 956 801 Neapolis
990 716 1079 782 urbis
1115 715 1261 800 duplices
1297 714 1394 780 161666

217 818 336 898 portas,
372 830 505 895 quarum
543 827 602 894 por
630 803 777 870 dextram
805 805 832 870 si
871 807 941 889 quis
970 805 1080 872 urbem
1115 807 1277 886 ingressus
1311 810 1396 870 osset

218 922 274 985 pro
299 903 415 978 166616,
439 899 465 963 61
491 919 549 982 per
572 895 736 963 sinistram
763 913 820 978 pro
836 895 975 960 16166616
992 897 1098 960 omine
1115 902 1280 979 acceptum
1299 903 1392 959 66661.

217 991 326 1070 (Gerr.
351 989 392 1056 de
408 988 489 1054 Tilb.
508 986 558 1051 ed.
577 982 748 1050 Liebrecbt
765 1006 795 1068 p.
818 983 881 1061 16).
910 1020 947 1030 -—
974 984 1063 1062 Quod
1088 985 1248 1071 pergitur:
1273 978 1394 1059 ἐξιέναι

217 1073 297 1142 κατὰ
321 1073 398 1152 τούς
426 1069 627 1160 α’ριοιεροίςΙ
652 1079 775 1138 tantum
806 1075 1024 1159 responsionis
1048 1095 1146 1141 causa
1162 1073 1308 1139 additum
1326 1091 1396 1137 esse

218 1170 421 1236 manifestum
446 1172 507 1233 661.

251 1351 285 1428 2)
309 1340 358 1421 εἷς
381 1339 470 1430 ἱερὸν
493 1337 629 1405 εἰσιέναι
654 1337 801 1425 καθαρόν
824 1335 959 1422 ἱμάτιον
983 1337 1096 1421 ἔχοντα
1119 1338 1170 1404 καὶ
1196 1336 1230 1402 ἐν
1253 1330 1295 1402 cle
1320 1334 1365 1425 1ιῆ

463 1446 688 1536 ἐγκεκοίμρταί
711 1471 774 1526 τις,
800 1450 918 1517 Jambl.
946 1452 982 1518 V.
1007 1450 1042 1517 P.
1072 1455 1146 1518 153.

308 1580 385 1662 Eoo,
422 1577 474 1662 qui
510 1575 639 1642 deorum
677 1576 800 1663 templa
834 1578 963 1660 intrent,
994 1585 1026 1643 61
1055 1597 1189 1664 corpore
1218 1586 1250 1642 et
1280 1577 1397 1642 6661116

220 1672 313 1756 puros
339 1688 409 1735 6666
432 1666 549 1732 debere
574 1687 632 1753 per
648 1673 748 1732 totum
767 1667 874 1733 orbem
893 1668 1063 1753 omniaque
1080 1675 1228 1751 tempora
1246 1665 1398 1744 creditur,
1472 1725 1484 1750 ‚

218 1763 267 1827 ita
289 1768 325 1825 ut
349 1757 491 1843 pluribus
517 1755 731 1821 demonstrari
757 1776 818 1822 666
843 1776 923 1842 opus
945 1757 997 1821 sit.
1045 1757 1132 1822 Satis
1152 1757 1252 1822 babeo
1272 1755 1395 1820 addere

220 1870 319 1934 saepe
344 1850 385 1916 ,16
422 1845 507 1912 66116
533 1845 726 1911 Graecorum
764 1867 826 1910 non
862 1847 963 1912 solum
989 1867 1072 1930 pura
1102 1846 1160 1912 sed
1190 1848 1288 1911 etiarn
1321 1844 1400 1910 alba

220 1939 412 2005 vestimenta
447 1936 548 2022 posci,
583 1935 636 2018 qui
673 1935 760 1999 color
789 1935 857 2000 deis
886 1936 1087 2016 gratissimus
1118 1955 1185 2000 6666
1214 1935 1399 2020 putabatur,

223 2050 251 2094 6.
276 2028 381 2108 Plato,
409 2025 471 2102 leg.
501 2022 565 2089 956
594 2023 638 2088 A:
674 2016 831 2104 χρώματα
860 2019 896 2084 dl
924 2019 1020 2084 λευκοὶ
1051 2019 1196 2104 πρέπονι
1226 2017 1276 2084 'dr
1304 2025 1401 2096 θεοῖς

223 2115 283 2202 εἴη,
311 2110 363 2176 καὶ
394 2107 517 2174 ἄλλοθι
550 2106 602 2171 καὶ
637 2103 670 2174 ἐν
700 2107 791 2196 impr·
813 2103 971 2191 βάμματα
994 2107 1031 2173 δὲ
1053 2108 1099 2198 μή
1123 2109 1335 2197 προσφέρειν.
1360 2113 1398 2177 cl'.
1488 2109 1489 2112 '

224 2209 321 2274 etiarn
345 2203 432 2286 leges
456 2219 566 2267 sacras
590 2200 817 2267 1616616661
841 2201 1022 2288 Lycosurae
1047 2203 1184 2283 (Dittbg.
1210 2202 1289 2286 Syll.
1307 2205 1318 2241 ²
1337 2204 1400 2285 21).

223 2296 298 2362 464.
323 2317 353 2381 p.
380 2290 462 2372 803)
486 2299 518 2357 61
543 2290 673 2357 Lucian.
699 2289 787 2373 Nigr.
818 2295 867 2374 14,
893 2292 974 2358 Plut
1001 2293 1099 2358 Arist.
1125 2292 1314 2373 21.,1)1616,
1340 2292 1398 2356 sib.

224 2386 322 2472 Β1.11,
342 2386 382 2447 52
408 2381 482 2448 616.
509 2380 600 2459 Quod
624 2379 810 2463 adiungitur
833 2377 885 2442 καὶ
910 2376 944 2443 ἐν
967 2371 1008 2443 oie
1033 2374 1078 2464 μή
1103 2375 1325 2466 ἐγκεκοίμηταί
1350 2401 1403 2454 τις

140 2535 142 2539 ,
226 2477 294 2542 6166
326 2473 424 2538 dubio
452 2492 490 2538 66
520 2470 717 2536 6616666166
744 2479 803 2553 661,
833 2471 916 2557 qnod
943 2472 1084 2539 homines
1109 2471 1322 2558 superstitiosi
1348 2491 1405 2556 pu-

225 2565 350 2645 tabant,
375 2562 570 2627 dormientes
594 2561 736 2626 maxime
760 2563 992 2627 incursionibus
1018 2562 1207 2627 daemonum
1232 2567 1403 2627 nocturno-

226 2675 295 2720 rum
319 2652 475 2719 obnoxios
500 2670 570 2716 6666
595 2670 764 2734 corumque
790 2652 818 2715 61
843 2651 1012 2716 immunda
1035 2651 1144 2736 pollui.

229 2831 266 2916 3)
291 2824 391 2892 θύειν
414 2823 475 2913 χρῆ
498 2822 704 2912 detrudamus
727 2823 779 2889 καὶ
805 2822 890 2912 πρὸς
914 2823 954 2891 ud
978 2824 1051 2914 16ρᾶ
1076 2825 1257 2914 προσιέναι.
1282 2823 1407 2896 11116161

412 2958 463 3022 ap.
490 2935 609 3002 dambl.
636 2935 674 3002 V.
699 2936 734 3003 P.
760 2940 813 3002 85.
839 2937 880 3003 ibi
911 2938 1110 3005 16511611.
1138 2935 1221 3017 21⁸¹).

316 3064 385 3131 Mos
415 3064 540 3130 calceos
569 3063 602 3127 16
631 3063 761 3151 templis
790 3064 927 3149 aliisque
956 3065 1034 3130 16616
1063 3066 1165 3130 sacris
1190 3061 1330 3129 exuendi
1354 3064 1403 3127 in-

227 3157 354 3221 venitur
377 3161 409 3219 61
432 3153 518 3237 apud
542 3152 639 3219 Arios
665 3161 697 3220 et
722 3153 809 3238 apud
834 3155 970 3220 Semitos
995 3153 1039 3234 (v.
1058 3154 1190 3234 Sartori,
1216 3153 1283 3220 Der
1298 3153 1401 3218 Sohub

228 3247 271 3311 im
299 3243 549 3324 Volksglanbcn,
578 3242 731 3308 Zeitschr.
757 3242 814 3308 166
841 3243 974 3308 Vereins
1003 3244 1052 3308 116
1077 3243 1212 3308 Volkslr.
1237 3246 1258 3305 4
1283 3241 1403 3324 (18941

228 3356 259 3418 p.
282 3337 343 3397 178
360 3336 432 3417 sq.).
459 3333 653 3398 Graecorum
679 3353 741 3396 non
757 3331 978 3416 Pythagoreos
1004 3332 1089 3398 solos
1114 3333 1197 3397 hano
1220 3331 1405 3413 religionem

231 3423 420 3486 observasse
443 3423 544 3485 multa
569 3429 643 3486 sunt
667 3442 749 3505 quae
774 3423 921 3500 doceant,
949 3432 985 3486 ut
1008 3416 1091 3504 ἱεροὶ
1117 3415 1212 3498 νόμοι
1239 3420 1408 3486 Andaniao

229 3507 275 3589 (6.
289 3513 398 3593 supra)
424 3509 605 3591 Lycosurae
629 3515 672 3584 (6.
687 3515 726 3582 s.)
752 3509 856 3592 Jalysi
882 3510 1119 3595 (1111111811.2
1138 3512 1167 3573 2.
1182 3509 1272 3582 560).
1298 3509 1407 3594 Serip-

229 3604 806 3681 166616666616661666616166661
838 3599 936 3663 161666
966 3600 1124 3664 solearum
1154 3601 1185 3663 in
1215 3597 1405 3682 quibusdam

230 3687 360 3772 templis
383 3684 610 3767 6666616666,
636 3707 664 3751 6.
691 3706 768 3770 qnos
793 3688 895 3752 citant
919 3687 1130 3768 Schoemann,
1156 3687 1210 3753 Gr.
1236 3686 1407 3752 Altertirm.

232 3780 287 3841 ²2.
303 3779 377 3839 231.
402 3774 551 3854 Roscher,
576 3774 655 3841 Lex.
686 3781 711 3839 1.
729 3779 791 3840 138
815 3784 987 3862 praeterea
1011 3775 1104 3842 0611.
1130 3775 1219 3841 Fast.
1241 3781 1267 3839 1.
1281 3776 1345 3845 629
1361 3797 1407 3860 sq.

231 3868 333 3932 Varro
358 3863 398 3930 de
424 3863 444 3928 l.
459 3863 480 3927 l.
494 3867 522 3927 7.
537 3867 589 3932 84.

319 3953 528 4021 Interdictum
558 3955 634 4020 mihi
666 3976 705 4019 ex
730 3956 889 4022 similibus
914 3955 1118 4042 opinionibus
1143 3966 1244 4021 ortum
1269 3975 1338 4022 esse
1363 3958 1409 4020 61-

232 4047 327 4113 detur
350 4052 446 4130 atquc
470 4042 605 4109 altemm
631 4044 713 4110 illud
739 4045 780 4112 16
805 4047 909 4112 666116
935 4057 978 4125 (v.
1003 4047 1089 4112 infra
1104 4045 1206 4130 symb.
1230 4050 1299 4125 22),
1324 4045 1408 4129 quod

232 4144 264 4201 et
287 4138 389 4222 ipsum
416 4135 447 4198 in
473 4133 596 4213 legibus
620 4136 722 4201 sacris
738 4137 930 4223 templorum
950 4135 1150 4221 quorundam
1166 4135 1330 4202 inventurn
1349 4151 1407 4200 661.

231 4226 364 4291 Constat
393 4224 476 4289 enirn
505 4222 611 4290 soleas
641 4225 778 4291 61666116
808 4226 941 4294 scorteis
971 4227 1060 4291 varie
1083 4227 1166 4291 inter
1190 4244 1224 4289 se
1248 4224 1409 4305 colligatis

235 4335 273 4378 66
299 4313 428 4380 6616116
457 4311 499 4378 61
523 4313 638 4398 pedem
663 4316 826 4402 applicari
851 4316 966 4382 solitas
989 4335 1069 4382 esse.
1117 4313 1278 4399 Quidquid
1303 4321 1410 4379 autom

235 4403 460 4488 complicatum
486 4408 519 4469 61
542 4403 693 4469 66161661
719 4411 780 4488 661,
803 4406 962 4471 mentibus
987 4405 1186 4491 simplicibus
1210 4406 1243 4470 in
1264 4405 1409 4471 omnibus

303 4597 326 4668 ¹)
346 4597 557 4665 Discrepantias
586 4604 739 4666 anctorum,
771 4614 842 4666 qnae
872 4599 980 4666 quidum
1011 4601 1080 4654 nibil
1110 4600 1217 4654 1661661
1241 4599 1275 4652 61
1300 4615 1409 4653 sensum

232 4670 403 4738 mutandum,
422 4670 556 4724 adnotare
576 4670 722 4725 brevitatis
741 4685 827 4724 causa
846 4671 932 4724 nolui.
