3268 5050
245 269 287 329 54

245 462 515 530 Consuetudinem
530 463 621 530 huius
634 464 830 530 simillimam
845 470 1017 546 sequuntur
1030 463 1327 546 Germani,quornm
1342 484 1420 530 non-

244 553 321 618 nulli
339 552 433 620 hodie
449 573 573 636 quoque
596 555 699 620 ventis
715 573 809 620 sacra
825 554 956 634 faciunt,
968 576 998 619 v.
1014 552 1061 619 W.
1076 556 1155 618 430:
1176 553 1251 633 „aei
1270 553 1418 634 heftigenr

245 643 350 708 Sturm
374 642 454 708 wird
477 642 536 710 der
547 642 640 709 Wind
668 640 873 727 „gethttert“‚
896 643 1004 708 indem
1030 663 1102 708 man
1126 642 1191 708 ihm
1208 643 1300 709 einen
1318 643 1419 710 Lollcl

244 731 322 797 oder
345 733 416 798 eine
441 732 603 800 Handroll
625 733 710 800 Mehl
734 733 980 815 entgegenwirft
1004 733 1061 799 mit
1085 731 1146 798 den
1164 731 1309 799 Worten:
1337 733 1419 816 „Da

244 821 352 904 Wind,
376 822 450 888 hast
474 821 515 888 du
540 822 624 888 Mehl
648 823 795 888 arcein
819 822 914 905 Kind,
939 824 1017 890 aber
1040 822 1197 888 aufhorcn
1222 830 1322 888 musst
1345 821 1418 888 du“.

245 911 330 978 Oder
361 931 436 977 man
460 912 545 978 wirst
569 913 635 980 drei
655 911 768 978 HAnde
793 911 858 978 voll
873 911 958 978 Mehl
978 913 1010 977 iu
1024 911 1085 979 den
1099 910 1196 978 Wind
1208 911 1272 977 und
1284 913 1419 995 spricht:

245 1001 363 1085 „Wind
388 1001 453 1066 und
476 1001 618 1086 Windin,
649 1002 718 1067 hier
741 1001 821 1084 gebe
843 1002 896 1068 ich
920 1001 969 1067 dir
993 1001 1052 1068 das
1077 1002 1180 1084 deine,
1204 1001 1270 1067 lass
1295 1001 1337 1068 du
1361 1005 1422 1068 mir

244 1092 303 1158 das
339 1089 474 1157 meinc‘t
523 1092 560 1157 cf.
596 1098 764 1175 praetcrea
787 1089 842 1157 Fr.
879 1092 922 1157 ad
945 1091 1040 1158 Paus.
1072 1091 1094 1156 l
1119 1113 1145 1158 c.
1194 1092 1300 1173 Atque
1335 1093 1420 1174 apud

245 1182 422 1248 Germanos
458 1201 580 1264 quoque
616 1183 702 1248 venti
727 1201 795 1247 cum
820 1183 935 1248 animis
959 1187 1152 1247 mortuorum
1178 1181 1420 1262 coniunguntur,

244 1272 283 1336 ef.
308 1291 391 1353 quae
413 1269 462 1337 W.
490 1271 554 1335 756
579 1271 618 1338 de
643 1292 682 1338 ea
705 1271 856 1353 opinione
881 1270 1018 1352 collegit,
997 1270 1145 1338 tvclut:
1174 1270 1312 1352 „Gumt
1314 1291 1419 1353 empe-

244 1368 345 1427 states
375 1361 521 1428 saeviunt
548 1360 666 1444 uliquis
690 1361 805 1443 laqueo
829 1362 916 1428 vitae
939 1361 1033 1428 finem
1059 1361 1135 1428 fecit
1159 1360 1209 1427 vel
1234 1361 1343 1426 anima
1366 1361 1420 1427 ho-

244 1451 338 1518 minis
374 1450 433 1517 hoc
467 1450 561 1516 modo
587 1452 701 1517 mortui
726 1450 873 1518 discedit.
920 1450 1106 1533 Tempestas
1131 1451 1191 1517 nisi
1216 1471 1347 1534 corpore
1372 1471 1420 1516 se·

244 1540 332 1625 pultc
356 1560 420 1606 non
443 1538 621 1622 placatur“.
657 1584 661 1592 -
694 1617 696 1621 ⁸

246 1713 403 1800 55)(1ταν
425 1713 598 1805 βροντν’σηι
623 1721 681 1804 τῆς
703 1721 761 1806 γῆς
784 1713 954 1804 ἅψασθαι.
978 1718 1097 1785 Jambl.
1124 1718 1161 1785 V.
1185 1719 1219 1786 P.
1250 1721 1321 1785 156.

336 1809 419 1887 Quid
441 1809 638 1896 Pythagorei
667 1810 706 1876 de
735 1810 884 1876 tonitruis
908 1808 1121 1876 iudicaverint
1145 1812 1292 1918 cognosci
1317 1830 1356 1893 po
1359 1818 1422 1876 test

245 1922 285 1966 cx
311 1899 443 1967 Aristot.
473 1901 607 1966 anal.)
588 1908 669 1983 pt-os
647 1899 764 1968 teob
789 1903 826 1964 31
856 1920 914 2006 sq.·
939 1885 1013 1983 Ap
1041 1886 1098 1961 οἶν
1126 1892 1155 1960 εἰ
1186 1919 1268 1961 ειιαι
1299 1902 1354 1971 (sc
1383 1895 1420 1961 ιό

244 1984 324 2052 oded
353 1986 406 2052 καὶ
436 1984 527 2052 ἕνεκά
554 2009 642 2064 τινος
669 1986 721 2050 καὶ
752 1985 787 2067 ἐξ
816 1981 970 2073 ἀνάγκης)
986 1984 1168 2096 ἐνδέχεται,
1192 1985 1243 2050 καὶ
1269 1986 1418 2091 γίιεσθαι

245 2075 424 2158 {suidgerum
448 2074 562 2162 rdomeq
576 2100 604 2140 ει
596 2074 755 2187 'documii
769 2073 1049 2159 ιῖποσβειιιιιιὲιιιιι
1060 2098 1096 2139 τε
1107 2080 1167 2141 τοῦ
1183 2073 1289 2163 πυρὸς
1303 2069 1422 2162 αἰιὶγκιι

245 2165 349 2275 ιιίζειι
371 2165 423 2230 καὶ
435 2132 618 2274 ψοφειξνῖ)
647 2163 700 2230 καὶ
725 2162 755 2229 εἰ
779 2164 825 2243 ru‘g
849 2163 880 2229 ol
907 2162 1135 2250 Hudoydoeroc'
1159 2185 1261 2252 φασιι
1282 2163 1347 2230 clu
1336 2165 1423 2253 ιλῆς

245 2253 334 2319 ‘'nanu
346 2259 415 2332 τοῖς
427 2254 461 2319 ἐν
479 2263 508 2318 Ἰ
505 2251 650 2342 αριοὶιιωι
665 2253 758 2331 ὅπως
771 2259 947 2341 φοβῶνται.
964 2257 1053 2323 Hane
1066 2258 1244 2340 opinionem
1259 2280 1299 2324 ex
1311 2219 1421 2324 eodeln

248 2349 333 2413 sonte
357 2367 418 2429 quo
442 2348 513 2431 ipsa
537 2347 693 2432 symbola,
717 2348 841 2414 scilicet
828 2355 904 2414 tex
928 2355 1053 2430 supers
1040 2349 1155 2414 rtrone
1168 2348 1327 2433 populun
1351 2369 1423 2432 ιιιο-

245 2437 372 2504 venisse
397 2437 531 2504 forma
521 2457 593 2520 rpsa
616 2437 739 2505 indicat
726 2446 786 2505 tur.

335 2527 463 2594 Terram
495 2529 672 2610 tangebant
700 2528 822 2610 antiqui
854 2548 922 2595 cum
953 2527 1074 2594 interos
1104 2528 1308 2610 invocabant,
1344 2529 1427 2595 sicut

246 2617 323 2683 deos
360 2618 516 2685 caelestes
552 2619 693 2685 extensis
724 2618 880 2700 manibus,
917 2616 994 2684 deos
1019 2619 1159 2684 triarinos
1186 2618 1317 2685 brachia
1340 2637 1425 2684 maro

249 2727 356 2773 versus
388 2709 587 2790 porrigentes
611 2707 794 2774 adorabant
817 2708 871 2788 (cf.
898 2727 1048 2790 suprap.
1079 2710 1141 2789 12).
1190 2709 1244 2776 Sic
1267 2708 1427 2774 inducitur

247 2797 396 2863 Althaea
421 2797 457 2862 11.
481 2796 505 2862 Ι.
522 2797 602 2862 568.

409 2880 537 2971 πολλοὶ
561 2882 666 2949 δὲκαὶ
682 2888 776 2968 γαῖαν
792 2877 1006 2992 πολυφόρβην
1022 2883 1133 2971 χερσὶν
1147 2883 1244 2951 ollula

407 2938 609 3058 distribuens
631 2972 744 3060 Ἀίδην
766 2971 818 3036 καὶ
843 2970 978 3059 ἐπαίνιιν
1003 2971 1263 3060 Hepuerpo'rl‘etov

247 3065 374 3132 Jetuno
388 3065 505 3131 inferos
521 3065 562 3130 ad
576 3065 791 3132 ulciscendum
803 3084 981 3169 provocans
996 3065 1084 3131 Horu.
1063 3065 1213 3172 nllymn.
1228 3069 1288 3150 Ap.
1297 3066 1331 3132 P.
1350 3071 1426 3131 155:

339 3150 445 3239 „petel
470 3147 998 3242 καταπρινεῖδελασεγθοιαιιαι
1025 3150 1271 3239 pdvpuopsuov.
1296 3157 1425 3223 61016.

247 3243 338 3311 Tusc
369 3245 607 3329 ι.;25,,1ιιιιι
639 3246 826 3312 Cleanthem
862 3265 932 3310 cum
961 3243 1043 3327 pede
1072 3260 1190 3311 terram
1220 3247 1428 3330 percussisset

251 3353 375 3400 versum
407 3333 447 3402 de
470 3333 673 3419 Epigonisf
671 3342 763 3402 erunt
750 3334 929 3401 tdixisse:
963 3334 1096 3401 audisne
1125 3336 1204 3402 haec
1233 3337 1428 3419 Amphiarae

318 3529 343 3599 *)
362 3529 446 3584 Errat
465 3530 601 3595 Riessius,
624 3547 685 3586 cum
705 3531 736 3599 (P
750 3530 796 3584 W.
817 3537 840 3585 1.
857 3531 938 3595 ato)
958 3530 1030 3583 hunc
1049 3530 1208 3586 Aristotelis
1226 3531 1317 3586 locum
1341 3530 1428 3598 perti·

249 3616 315 3656 nere
334 3608 414 3670 putat
433 3603 468 3656 ad
493 3603 718 3657 consuetudinem
743 3601 879 3670 quandam
898 3601 1081 3670 antiquorum,
1107 3603 1153 3673 q'ni
1173 3602 1207 3656 ad
1227 3602 1336 3669 fulgura
1359 3601 1428 3656 sibi·

248 3675 308 3728 lare
328 3680 356 3727 et
373 3674 468 3742 lingua
488 3675 624 3742 crepitare
645 3674 775 3730 solebant
794 3672 872 3740 (Pliu.
894 3679 927 3725 28
940 3679 981 3729 95.
996 3671 1086 3730 Schol.
1105 3674 1140 3728 ed
1154 3674 1238 3730 Arist.
1249 3674 1335 3742 Vesp.
1352 3675 1424 3738 626).

247 3746 290 3799 Ad
309 3744 379 3805 σίζειν
399 3745 439 3796 καὶ
457 3745 537 3816 ψοφεῖν
564 3747 637 3802 enim
662 3763 717 3801 non
740 3745 866 3800 homines
890 3761 939 3813 pro
960 3745 1084 3799 subiecto
1103 3746 1257 3815 accipiendi
1277 3753 1350 3813 sunt,
1378 3744 1426 3799 sed

247 3832 398 3886 pronomen
417 3818 553 3885 quoddam
572 3817 743 3873 indefinitum
771 3816 819 3884 (cf.
839 3831 869 3871 es
888 3817 984 3884 nocht,
1008 3832 1038 3870 cs
1058 3821 1178 3872 untsteht
1197 3817 1244 3872 eiu
1263 3817 1427 3880 Gerauseh).

247 3889 349 3954 Agitur
368 3889 441 3942 enirn
463 3889 497 3943 do
516 3889 578 3954 igne
599 3889 715 3944 caelesti
734 3889 808 3955 (nou,
829 3894 859 3940 ut
878 3887 989 3954 Frazor,
1010 3887 1125 3943 Foth-L.
1146 3895 1158 3940 1
1180 3906 1205 3956 p.
1226 3894 1259 3940 48
1280 3895 1368 3957 putat,
1393 3886 1425 3939 de

247 3961 310 4028 igne
334 3959 390 4013 foci
419 3960 575 4028 domestici)
602 3960 721 4013 nubibus
741 3959 857 4026 incluso,
877 3976 930 4027 quo
950 3960 1088 4015 exstincto
1108 3959 1211 4014 stridor
1228 3959 1260 4014 fit
1262 3977 1363 4028 ,quem
1380 3959 1427 4012 ho·

248 4032 336 4085 mines
360 4032 491 4086 tonitrum
516 4032 558 4085 vel
582 4031 680 4100 βροντὴν
705 4031 857 4085 nominant.
895 4030 973 4085 Haec
998 4047 1052 4085 nou
1080 4039 1123 4085 est
1148 4031 1241 4099 opinio
1267 4030 1429 4096 Artstotelis

249 4103 299 4158 sed
319 4102 496 4172 Empedoclis
516 4109 545 4156 et
563 4105 746 4172 Anaxagorae
765 4101 882 4171 abipso
902 4102 1055 4158 Aristotele
1074 4102 1192 4158 Meteon.
1213 4108 1236 4154 9.
1259 4106 1283 4156 9.
1298 4109 1349 4157 399
1365 4103 1382 4156 b
1399 4107 1429 4154 ta

247 4175 352 4230 acriter
370 4176 547 4243 reprehensa,
568 4191 650 4245 quarn
670 4184 761 4228 tamen
781 4175 841 4228 eius
860 4175 1042 4257 temporibus
1050 4174 1122 4228 inter
1145 4174 1175 4226 rh
1199 4171 1281 4234 ἔνδοξα
1305 4174 1430 4229 habitam
1450 4219 1452 4224 ,

251 4262 313 4300 esso
334 4247 468 4300 hocloco
488 4246 618 4315 colligere
638 4247 718 4301 nohis
737 4247 812 4301 licet
832 4245 896 4300 Non
914 4262 977 4301 raro
997 4245 1071 4300 eninr
1090 4245 1284 4301 Aristotelos'
1276 4263 1304 4300 ιιι
1324 4235 1430 4315 logicis,

253 4319 382 4386 quonium
403 4319 441 4372 ihi
461 4334 515 4372 non
532 4326 589 4372 turn
609 4335 655 4374 res
675 4333 756 4400 quum
775 4317 892 4371 formam
912 4325 1027 4388 spectat,
1048 4318 1089 4372 eis
1104 4333 1211 4402 quoque
1231 4317 1366 4386 exemplis
1379 4316 1431 4370 uti·

252 4397 304 4452 tur
324 4406 394 4458 quae
413 4407 442 4445 re
462 4391 524 4459 ipsa
544 4406 561 4444 a
580 4391 692 4459 placitis
712 4389 770 4444 suis
789 4389 965 4459 abhorreant,
984 4389 1130 4444 dummodo
1149 4390 1199 4457 eis,
1219 4407 1265 4457 qur
1280 4391 1374 4457 legunt
1386 4387 1431 4442 vel

248 4431 371 4521 audiunt.
397 4478 477 4530 quarn
504 4463 649 4517 notissima
668 4462 810 4528 formaque
831 4460 921 4522 adid
937 4431 1024 4530 qlrodn
1026 4431 1214 4515 demonstrar'e
1230 4461 1321 4515 studet
1324 4460 1430 4530 ,aptis-

249 4532 319 4585 sima
338 4534 394 4586 sint
413 4533 460 4602 (cl.
480 4534 551 4588 anal.
571 4541 645 4602 poet.
664 4533 726 4586 aab
747 4533 824 4600 ιιι.)
845 4531 881 4586 cf.
901 4532 988 4601 Diels,
1007 4519 1082 4587 Uber
1101 4531 1146 4586 die
1165 4538 1239 4590 exet.
1265 4531 1361 4636 Reden
1381 4531 1447 4586 des

249 4602 335 4657 Arist.
357 4604 434 4661 SBA.
457 4609 532 4659 1883.
558 4611 596 4658 19.
615 4623 643 4674 ιι.
663 4611 738 4672 asq.
1159 4645 1160 4652 .
