3268 5050
193 259 273 329 10Ι

189 466 294 548 rebus,
330 488 414 551 quae
449 469 571 533 exitum
609 476 729 535 rectum
760 471 949 556 facilemque
980 484 1124 557 poscunt,
1161 477 1246 542 velut
1277 489 1309 542 et
1338 479 1369 542 in

190 556 477 641 supplicationibus
508 559 590 624 votis
621 558 789 626 sacrificiis
814 563 906 628 rebus
932 565 1065 642 magicis
1091 572 1125 631 et
1147 566 1181 630 in
1205 567 1369 633 laboribus

190 647 437 732 parturientium
474 654 638 731 tamquam
676 649 805 716 infausti
837 651 952 716 ominis
982 673 1050 720 esse
1081 653 1207 720 videtur
1236 655 1370 742 ideoque

190 745 364 803 amovetur.
390 758 418 800 v.
445 737 530 802 Serv.
557 737 600 802 ad
623 739 702 804 Aen.
721 742 752 804 4.
770 743 851 805 518:
880 740 931 822 ,in
956 745 1058 808 sacris
1083 744 1162 809 nihil
1188 746 1272 812 solet
1298 767 1369 812 esse

189 825 370 905 religatum,
394 827 567 911 praecipue
596 829 675 908 eius,
705 850 787 914 quae
817 850 927 896 amore
958 832 1024 896 vult
1052 834 1165 899 solvi“.
1203 836 1242 901 cl.
1275 835 1368 901 Ouid.

192 915 278 982 susc.
297 919 327 980 a.
348 921 433 998 257,
451 915 480 980 o.
500 919 573 984 395.
597 918 687 984 Serv.
711 917 763 984 ad.
783 921 862 985 neu.
889 920 918 984 6.
946 923 1033 1003 518,
1058 926 1087 986 5.
1114 926 1201 1003 432,
1229 930 1255 991 r.
1282 929 1369 1002 503,

189 1005 455 1072 Pseudodemocr.
487 1006 574 1091 apud
600 1007 766 1074 Colurnell.
786 1011 815 1074 7.
834 1013 864 1073 3.
883 1011 926 1074 64
951 1009 1056 1088 (Vors.
1083 1035 1113 1098 p.
1138 1013 1215 1082 461.
1240 1018 1281 1078 22
1307 1019 1368 1100 sq.)

192 1095 290 1178 llroll,
317 1099 390 1162 Ant.
417 1094 547 1174 Abergl.
571 1118 604 1183 p.
631 1100 685 1161 20.
737 1097 826 1175 Quae
850 1099 897 1163 vis
920 1100 1103 1185 impediens
1128 1103 1220 1168 nodis
1245 1111 1277 1169 et
1301 1107 1369 1170 vin-

189 1185 269 1251 culis
294 1185 325 1249 in
351 1184 522 1250 multarum
547 1188 689 1267 gentium
716 1188 997 1272 superstitionibus
1022 1189 1188 1272 adhaeret,
1217 1203 1252 1259 ut
1277 1193 1370 1261 docet

191 1274 242 1341 ur.
272 1278 298 1338 l.
325 1278 388 1341 392
414 1295 460 1359 sq.
487 1275 560 1340 Mea
585 1278 683 1359 igitur
707 1279 857 1361 opinione
880 1277 956 1344 ideo
983 1278 1127 1346 homines
1151 1283 1294 1364 religiosi
1318 1304 1368 1350 so-

188 1367 249 1432 leis
275 1364 378 1430 induti
403 1365 526 1450 templa
554 1367 636 1431 inire
659 1365 710 1431 vel
733 1386 784 1432 res
809 1387 919 1434 sacras
944 1368 1051 1434 facere
1075 1370 1253 1452 noluerunt,
1285 1375 1369 1458 quod

189 1456 357 1536 timebant,
381 1475 421 1519 ne
446 1454 549 1534 nodis,
575 1456 687 1540 quibus
712 1455 790 1522 illae
815 1457 971 1538 alligatae
995 1469 1098 1541 erant,
1123 1463 1228 1527 exitus
1245 1463 1368 1530 faustus

189 1553 335 1612 votorum
366 1544 599 1631 prohiberetur.
651 1549 752 1630 htque
776 1567 837 1611 nno
863 1549 893 1612 in
920 1549 980 1614 hoc
1004 1550 1149 1633 symbolo
1174 1552 1367 1637 explicando

187 1635 388 1704 lamblichus
411 1636 444 1699 in
469 1632 651 1722 Proteplieo
676 1656 785 1700 verum
811 1639 1004 1722 suspicatur,
1031 1659 1101 1704 enm
1120 1639 1216 1706 dicit:
1241 1636 1368 1726 ..ἕτερον

171 1719 225 1794 'dt
252 1724 290 1792 uo
319 1726 388 1791 δεῖν
415 1723 545 1805 δεσμῶν
573 1721 675 1808 χωρὶς
697 1721 750 1786 καὶ
774 1717 908 1788 siluros
931 1720 1007 1789 ὄντα
1029 1722 1086 1813 τήν
1108 1726 1292 1813 θεραπείαν
1315 1727 1367 1792 καὶ

188 1822 307 1904 γνῶσιν
330 1819 395 1880 τῶν
409 1818 510 1898 θεῶν,
528 1815 715 1879 ποιεῖσθαι,
743 1815 845 1876 ταῦτα
867 1812 905 1876 δὲ
928 1809 986 1876 or‘u
1010 1809 1066 1878 ἐπί
1090 1811 1243 1897 σώματος
1265 1814 1368 1898 μόνου

188 1905 404 1994 παραγγέλλει
429 1900 467 1966 τὸ
492 1900 657 1983 σύμβολον
681 1897 958 1988 διαπράττεσθαι,
982 1900 1065 1968 dttd
1088 1903 1140 1968 καὶ
1157 1903 1213 1969 ἐπὶ
1231 1911 1296 1972 τῶν
1310 1913 1368 1994 τῆς

189 2001 299 2086 ψυχῆς
323 1989 492 2081 ἐνεργειῶν
514 1991 579 2056 κτλ.

189 2214 222 2295 4)
247 2208 281 2274 ἐν
304 2207 398 2295 ἱερῶν
422 2203 462 2272 ἄν
484 2229 516 2269 τι
541 2203 696 2271 ducturos
718 2198 801 2288 αἷμα
824 2205 951 2295 γένηται
977 2205 996 2295 ἢ
1019 2214 1144 2296 χρυσῶν
1170 2208 1370 2300 {fidelemqu-

446 2312 731 2401 rraprpput'vaodor.
757 2317 875 2384 Jambl.
902 2318 939 2384 V,
963 2318 1001 2392 P.
1031 2323 1102 2385 153,

278 2445 440 2527 Sanguine
468 2445 671 2509 victimarum
702 2445 762 2510 rite
792 2442 861 2510 deis
891 2446 1129 2512 immolatarum
1158 2447 1282 2532 templa
1305 2469 1369 2514 non

190 2535 430 2623 polluebantur3
466 2541 587 2615 contra,
623 2541 659 2599 ut
694 2554 734 2598 ex
770 2533 830 2600 hoe
865 2536 1009 2621 symbolo
1041 2536 1205 2618 discimus,
1241 2538 1267 2602 si
1298 2539 1368 2623 quis

188 2626 305 2692 invitus
335 2624 385 2690 vel
415 2624 516 2711 ipsius
546 2622 598 2689 vel
628 2623 761 2689 alterius
787 2625 951 2690 cuiusdam
978 2627 1164 2708 sanguinem
1189 2627 1367 2712 intemplo

188 2715 325 2796 fuderat,
357 2714 445 2780 locus
469 2733 561 2780 sacer
590 2712 730 2798 pollutus
759 2734 829 2781 esse
857 2715 1033 2800 putabatur
1064 2716 1222 2800 certisque
1247 2716 1366 2783 lustra-

188 2806 329 2871 tionibus
353 2823 433 2891 opus
458 2810 529 2868 erat
553 2801 595 2866 ad
621 2803 830 2887 expiandum.
878 2804 955 2870 Cum
981 2806 1114 2891 antiqui,
1140 2805 1222 2890 quod
1240 2805 1366 2890 quidem

187 2915 246 2976 ego
274 2895 350 2972 scio,
388 2893 481 2979 plura
510 2892 551 2958 de
583 2891 644 2956 hae
673 2912 708 2957 re
736 2913 798 2958 non
828 2894 1018 2981 praebeant,
1054 2895 1191 2960 aliarum
1227 2897 1367 2972 gentium

187 2984 432 3071 superstitiones
464 2981 675 3047 adhibeamus
699 3003 829 3051 necesse
854 2981 970 3050 estad
998 2987 1096 3050 lucem
1122 2985 1195 3050 huic
1219 2986 1264 3050 rei
1290 2984 1368 3051 affe·

188 3073 331 3141 rendam.
379 3072 485 3156 Atque
508 3070 664 3137 Francius
694 3075 719 3136 l.
746 3075 809 3136 355
834 3094 881 3157 sq.
913 3073 1092 3158 complures
1124 3074 1367 3142 eonsuetudines

188 3163 377 3250 populorum
402 3162 538 3227 ferorum
564 3160 703 3242 collegit,
734 3182 812 3246 quas
836 3162 879 3228 ad
902 3162 947 3242 id,
976 3163 1059 3247 quod
1083 3173 1275 3250 spectamus
1305 3184 1366 3231 uon

188 3253 318 3318 inutiles
347 3271 417 3318 esse
446 3269 570 3317 censeo.
623 3250 652 3315 ls
683 3259 850 3335 postquam
887 3251 996 3318 multis
1025 3254 1182 3341 exemplis
1220 3256 1370 3340 exposuit

188 3344 273 3424 regis
303 3341 492 3422 sanguinem
516 3339 605 3405 fundi
629 3339 789 3426 plerisque
813 3342 959 3424 gentibus
984 3343 1112 3409 incultis
1136 3343 1226 3408 nefas
1252 3343 1366 3423 videri,

189 3433 255 3498 alia
279 3431 464 3500 testimonia
492 3431 620 3515 promit,
650 3429 762 3514 quibus
787 3432 1011 3498 combrobatur
1034 3431 1122 3520 apud
1147 3433 1228 3498 alias
1254 3442 1365 3516 gentes

189 3531 222 3589 et
257 3522 342 3588 laras
377 3528 410 3587 et
438 3519 625 3605 Europaeos
660 3521 742 3587 hauc
771 3521 961 3603 religionem
989 3525 1117 3589 omnino
1146 3525 1179 3587 in
1209 3525 1366 3602 sanguine

188 3611 349 3679 fundendo
374 3609 492 3676 valere.
533 3609 625 3677 Velut
648 3611 680 3674 in
707 3607 929 3677 West-Sussex
954 3610 1098 3677 homines
1123 3619 1239 3700 putant
1262 3612 1364 3680 solum

189 3722 345 3780 saogurne
370 3719 575 3785 conspersum
600 3700 748 3766 devotum
774 3709 807 3766 et
830 3702 864 3765 in
888 3721 981 3767 omne
1005 3711 1131 3787 tempus
1154 3702 1265 3768 sterile
1282 3702 1365 3767 lieri.

188 3791 224 3856 ln
249 3791 360 3857 Africa
388 3789 580 3856 occidentali
604 3790 629 3854 si
656 3789 743 3854 cuius
769 3791 934 3871 sanguinis
959 3798 1051 3871 gutta
1074 3793 1107 3856 in
1132 3800 1252 3857 terram
1277 3791 1364 3857 deci-

190 3881 247 3962 dit,
272 3880 445 3960 diligenter
469 3878 663 3944 conterendo
687 3878 878 3962 occultatur,
902 3880 929 3944 si
954 3879 987 3944 in
1011 3881 1175 3966 scapham,
1201 3901 1276 3965 pars
1293 3901 1366 3947 con-

189 3989 305 4056 sparta
329 3968 489 4034 exciditur
512 3966 563 4032 vel
588 3975 656 4033 tota
680 3968 801 4052 scapha
824 3968 1008 4035 destruitur.
1029 4005 1066 4015 -
1088 3969 1172 4048 Quos
1196 3970 1240 4035 ad
1263 3990 1366 4037 mores

191 4058 401 4146 explicandos
419 4057 471 4123 Fr.
489 4058 664 4124 rectissime
686 4059 786 4122 utitur
809 4061 958 4144 opinione
983 4058 1040 4124 illa
1057 4059 1202 4126 omnibus
1218 4060 1366 4141 gentibus

191 4149 358 4225 communi,
383 4149 480 4212 vitam
505 4155 537 4214 et
560 4148 702 4212 animam
726 4147 888 4214 hominum
914 4169 984 4215 esse
1000 4151 1031 4214 in
1048 4150 1203 4232 sanguine
1220 4148 1264 4230 (v.
1282 4149 1367 4214 infra

191 4238 233 4306 ad
246 4238 348 4325 symb.
365 4241 405 4301 14
418 4257 449 4322 p.
465 4239 505 4300 23
520 4237 593 4322 sq).
627 4235 699 4304 Jarn
714 4238 903 4324 quicumque
916 4239 1004 4305 locus
1017 4241 1170 4321 sanguine
1186 4241 1367 4326 aspergitur

190 4329 225 4396 fit
257 4348 349 4394 sacer
377 4325 557 4410 (tabooed).
605 4325 694 4393 Tabu
724 4329 806 4392 enim
837 4336 870 4395 et
892 4348 931 4394 ea
955 4334 1038 4412 sunt,
1069 4350 1152 4414 quae
1175 4329 1241 4395 vim
1264 4349 1365 4413 quan-

193 4418 269 4483 dam
294 4416 572 4503 supranaturalem
602 4417 635 4481 in
659 4436 694 4482 se
718 4416 837 4484 habere
861 4418 1018 4499 videntur,
1048 4425 1080 4486 et
1104 4439 1153 4499 ea,
1182 4437 1264 4510 qnae
1287 4436 1365 4503 quo·

193 4528 253 4594 quo
278 4507 371 4573 modo
395 4508 454 4572 tali
479 4507 510 4571 vi
536 4504 727 4588 afficiuntur,
751 4507 836 4591 quod
860 4515 1027 4594 utrumque
1058 4504 1187 4590 ,sacer“
1216 4527 1293 4574 voce
1323 4508 1366 4574 si-

191 4596 335 4679 gnificari
353 4597 443 4664 solet.
468 4595 556 4674 Quae
581 4597 627 4663 ris
644 4603 700 4664 aut
715 4616 840 4683 semper
855 4597 969 4666 haeret
985 4601 1017 4663 in
1035 4599 1179 4684 personis
1198 4597 1249 4664 vel
1267 4597 1363 4663 rebus
