3268 5050
1361 274 1404 338 49

227 469 330 537 bolum
367 491 437 538 eum
462 469 602 553 antiquis
624 469 731 534 ‘ethice
754 469 1003 550 interpretemur
1027 467 1090 550 (ita
1114 469 1200 553 Sittl,
1233 467 1404 535 Gebarden
1431 501 1439 512 ·

154 631 156 635 .
225 559 255 648 (1.
271 560 324 626 Gr.
338 583 368 626 u.
383 561 471 634 Rom.
486 581 516 642 p.
532 559 599 640 30),
624 557 767 624 dicentes
792 558 852 623 boc
876 558 1021 644 symbolo
1045 557 1263 643 Pythagoreos
1288 559 1403 626 vetitos

225 669 293 716 esse
329 656 448 716 temere
483 648 645 716 amicitias
681 649 773 732 inire,
808 654 913 714 tamen
940 647 1206 714 verisimillimum
1232 647 1308 713 mibi
1334 667 1403 714 esse

224 738 350 804 videtur
374 739 433 807 boc·
458 758 581 821 quoque
605 745 811 824 praeceptum
837 737 991 819 originem
1017 758 1056 803 ex
1081 738 1311 821 antiquissimis
1333 738 1402 820 opi-

224 829 371 894 nionibus
396 828 605 912 popularibus
641 827 766 894 (lucere.
815 827 951 895 Constat
986 828 1069 894 enim
1106 828 1214 894 multis
1247 827 1403 911 exemplis

224 917 366 984 homines
390 919 526 985 incultos
550 939 588 984 ac
612 917 707 984 rudes
731 917 864 983 advenis
888 918 967 982 miro
993 916 1129 1000 quodam
1155 919 1270 985 timore
1287 937 1403 1001 appro-

223 1009 378 1090 pinquare
413 1029 527 1091 eosque
563 1007 649 1090 apud
684 1027 718 1072 se
754 1007 903 1089 excipere
927 1009 1070 1073 maximo
1093 1009 1196 1074 vereri
1222 1008 1283 1073 uisi
1308 1007 1403 1074 certis

223 1099 427 1164 caerimoniis
463 1097 766 1180 lustrationibusque
801 1097 951 1180 peractis,
988 1098 1101 1180 quibus
1132 1099 1217 1165 vires
1241 1104 1403 1180 nocentes,

225 1187 337 1268 quibos
361 1187 504 1254 advenas
526 1186 691 1269 praeditos
715 1205 785 1252 esse
810 1192 935 1269 putant,
967 1188 1078 1253 irritae
1103 1187 1191 1253 fiant.
1240 1186 1403 1254 Permulta

225 1275 265 1341 de
288 1275 350 1342 bac
374 1279 524 1360 opinione
548 1277 678 1358 collegit
694 1275 719 1342 F
723 1298 746 1341 r.
765 1280 791 1342 1.
811 1279 875 1343 298
892 1297 937 1360 sq.
986 1276 1107 1344 Eodem
1132 1279 1271 1360 pertinet
1295 1297 1402 1360 super·

224 1367 312 1432 stilio
348 1365 573 1448 Romanorum,
609 1387 701 1448 quam
727 1365 808 1431 Plio.
835 1369 887 1430 28.
913 1369 955 1434 39
991 1368 1145 1434 serravit:
1185 1367 1400 1450 ,Extranei

223 1455 404 1524 interventu
428 1463 483 1522 aut
506 1457 532 1522 si
546 1455 706 1522 dormiens
720 1465 881 1538 spectetur
893 1457 998 1522 infans
1013 1457 1169 1523 anutrice
1181 1464 1273 1523 terna
1287 1454 1398 1540 aspui“

224 1553 286 1625 (sc.
308 1545 475 1611 credamus
499 1546 559 1611 rite
583 1544 697 1628 fieriit,
722 1567 805 1628 quae
829 1545 914 1627 apud
939 1546 1115 1614 Germanos
1140 1567 1262 1630 quoque
1278 1547 1401 1613 iuveni-

222 1639 282 1718 lur,
307 1633 355 1700 W.
384 1638 459 1702 581,
485 1636 524 1701 cf.
549 1634 597 1699 W.
623 1638 698 1700 478.
716 1636 791 1701 625.
810 1639 885 1703 697.
932 1635 976 1704 Et
1000 1657 1202 1721 quamquam,
1227 1635 1311 1720 qnod
1335 1639 1401 1720 qui-

221 1724 293 1790 dem
331 1745 389 1807 ego
419 1727 496 1807 scio,
530 1725 599 1790 alia
634 1726 771 1806 vestigia
797 1725 872 1790 talis
898 1726 1057 1806 opinionis
1082 1724 1168 1808 apud
1193 1726 1333 1792 Graecos
1370 1733 1402 1794 ct

220 1813 382 1880 Romanos
411 1834 473 1880 non
504 1821 644 1894 exstant,
680 1821 875 1880 tamennon
901 1813 1011 1880 dubito
1036 1814 1101 1881 illis
1125 1815 1280 1898 exemplis
1304 1817 1400 1898 nisus,

221 1905 296 1986 quin
322 1903 381 1969 boo
404 1902 582 1990 symbolum
607 1905 654 1968 ita
671 1902 896 1984 explicandum
912 1905 963 1984 sit,
988 1905 1177 1971 nthomines
1191 1906 1400 1988 superstitiosi

223 1993 379 2075 caverint,
414 2014 454 2059 ne
482 1992 616 2060 aduenis
646 1992 763 2058 dextra
786 2000 906 2061 temere
930 2002 1080 2077 porrecta
1104 1995 1276 2078 periculum
1303 1995 1399 2061 lasci-

222 2081 363 2149 uatienis
387 2083 540 2150 subirent.

220 2353 276 2432 47)
299 2345 542 2438 οίποκοιρμιίιιον
577 2355 643 2416 σοῖν
678 2349 730 2416 καί
766 2348 1045 2434 α’πονυχισμοίτιον
1079 2352 1252 2420 uouemus.
1282 2358 1394 2424 Jambl

219 2442 321 2509 Protr.
347 2446 398 2509 21.

215 2588 274 2666 48)
299 2580 544 2666 ἀπονυχίσμασι
575 2582 628 2647 καί
658 2587 791 2670 κουραῖς
819 2579 864 2671 μή
894 2581 1047 2672 ἐπουρεῖν
1073 2585 1157 2676 μηδὲ
1184 2585 1397 2676 ἐφίστασθαι.

218 2674 356 2740 Andron.
383 2695 433 2757 ap.
460 2675 554 2758 Diog.
580 2675 615 2742 L.
641 2679 671 2739 8.
702 2681 751 2740 17.

219 2817 275 2894 49)
300 2811 334 2878 ἐν
362 2813 470 2902 ἓοοιῆι
499 2814 582 2905 μήτε
605 2817 775 2904 κείρεσθαι
800 2815 882 2906 μήτε
906 2815 1127 2902 ὀνυχίζεσίίαι.
1152 2824 1271 2892 Jambl.
1299 2826 1335 2892 V.
1359 2827 1396 2892 P.

223 2909 295 2974 154.
321 2901 411 2990 παρα
434 2905 553 2971 θυσίαι
577 2904 623 2996 μή
646 2906 804 2992 ὀνυχίζου.
828 2913 930 2980 Protr.
957 2918 1008 2980 21.

219 3069 274 3150 50)
301 3063 422 3133 Σιτίον
452 3064 500 3146 εἰς
530 3067 634 3153 οἷμίδα
661 3069 706 3158 μὴ
737 3069 922 3155 ἐμβάλλειν.
952 3077 1093 3144 Andros.
1123 3097 1173 3160 ap.
1203 3078 1288 3161 Pspl.
1314 3079 1334 3143 l.
1360 3099 1388 3145 c.

219 3157 319 3225 Mant.
345 3180 432 3243 prov.
460 3165 489 3225 2.
514 3165 552 3227 81
582 3163 631 3243 (Ρ.
656 3166 684 3228 2.
711 3164 801 3247 770).

306 3248 465 3328 Unguium
490 3259 522 3315 et
538 3253 670 3317 crinium
690 3256 869 3334 resegmina
883 3257 915 3320 in
929 3257 1069 3322 omnium
1084 3257 1270 3338 populorum
1285 3277 1395 3341 super·-

218 3335 399 3400 stitionibus
433 3338 577 3402 maxima
613 3361 684 3404 esse
715 3351 866 3422 putantur
891 3346 920 3408 vi
945 3366 1044 3429 neque
1069 3344 1201 3410 dubium
1226 3353 1284 3428 est,
1320 3349 1394 3428 quin

219 3420 457 3502 apudGraecos
481 3445 604 3507 qnoque
628 3434 660 3493 et
672 3427 832 3496 Romanos
857 3433 989 3498 multum
1006 3435 1177 3517 valuerint,
1202 3455 1393 3516 quamquam

218 3531 379 3592 perpauca
403 3520 487 3594 sunt,
511 3535 592 3596 qnae
616 3517 649 3580 in
666 3517 793 3598 scriptis
812 3521 1012 3602 antiquorum
1027 3523 1086 3588 bac
1099 3523 1139 3588 de
1152 3545 1185 3588 re
1198 3531 1334 3590 exstant¹
1351 3559 1393 3568 *-

217 3599 299 3664 Usus
324 3603 535 3683 resegminum
560 3606 593 3669 in
618 3607 727 3687 magia
751 3627 791 3671 ox
816 3627 853 3673 eo
878 3623 964 3676 ortus
981 3619 1041 3688 est,
1066 3612 1148 3694 quod
1163 3613 1394 3678 hominessim·

218 3688 316 3772 plices
341 3691 572 3761 existimabant
595 3694 669 3762 illas
692 3703 801 3778 partes
819 3697 916 3763 etiam
935 3699 1078 3766 abscisas
1103 3702 1393 3784 oumhominoipso

217 3789 282 3843 tam
308 3788 379 3845 arte
392 3781 578 3849 coniunctas
592 3805 732 3866 uuauere,
756 3794 790 3853 nt
803 3789 906 3854 omnis
920 3789 967 3854 vis
981 3791 1107 3870 magica
1120 3811 1244 3873 quaqua
1259 3793 1392 3875 ratione,

217 3868 306 3935 velut
321 3869 604 3956 incantationibus,
628 3875 693 3940 illis
710 3877 830 3943 iniecta
842 3878 874 3943 in
888 3878 1048 3944 hominem
1063 3881 1165 3962 ipsum
1179 3879 1391 3948 transflueret.

216 3957 327 4042 ltaque
351 3978 409 4024 sua
433 3961 564 4043 quisque
588 3966 743 4031 interesse
766 3968 903 4049 putabat
927 3988 1048 4052 curare,
1073 3977 1225 4052 utquam
1250 3973 1392 4036 maximo

216 4047 352 4130 impetus
377 4069 495 4134 eorum,
532 4053 584 4135 qui
608 4053 674 4118 illis
698 4055 843 4140 partibus
868 4059 955 4124 abuti
979 4079 1074 4141 posse
1097 4059 1292 4144 viderentur,
1324 4061 1392 4128 sivo

217 4135 405 4204 daemonum
438 4141 506 4206 sive
530 4163 708 4226 magorum,
742 4145 851 4212 irritos
876 4148 1033 4215 redderet.
1082 4151 1186 4227 Quare
1210 4151 1391 4233 resegmina

216 4225 301 4328 apuul
319 4228 441 4329 'multos
465 4232 619 4299 occultari
637 4236 685 4299 uri
703 4235 804 4301 infodi
823 4237 939 4319 solent,
963 4240 1010 4304 sie
1037 4239 1213 4322 „Unguium
1232 4240 1336 4308 Dialis
1360 4251 1392 4307 et

217 4315 324 4396 capullr
344 4321 521 4399 resegmina
535 4323 643 4390 subter
659 4325 807 4390 arborem
823 4327 947 4392 felicem
967 4334 1056 4394 terra
1068 4325 1270 4410 operiuntur·“
1291 4331 1388 4409 (Gell.

215 4401 315 4506 N.·.A'
345 4409 393 4470 10.
422 4411 469 4473 15.
499 4412 564 4494 15).
613 4412 765 4480 Germani
791 4423 822 4480 et
846 4437 885 4482 ea
908 4425 941 4484 et
964 4417 1086 4498 dentes,
1118 4419 1171 4501 qui
1196 4419 1389 4501 ceciderunt,

214 4491 387 4575 diligenter
421 4497 546 4567 abdunt
580 4504 776 4582 comburunt,
811 4525 850 4569 ue
879 4527 958 4572 auus
986 4506 1153 4573 maleficae
1178 4509 1320 4592 (Hersen)
1345 4511 1390 4576 eis

214 4582 395 4649 abutantur.
440 4585 509 4670 (W.
526 4592 600 4654 418.
619 4592 695 4658 464.
709 4593 814 4658 Liebr.
829 4616 854 4658 z.
871 4595 1004 4662 Volksk.
1019 4619 1048 4680 p.
1065 4599 1138 4661 330.
1153 4600 1228 4666 219.
1242 4599 1390 4681 Zingerle
