3268 5050
1336 257 1377 321 19

188 455 304 536 166111,
328 461 432 520 tamen
458 454 528 518 sino
553 451 650 517 (lubio
676 473 715 516 ex
741 452 897 533 religione
920 457 1022 516 ortum
1042 457 1100 517 est.
1148 449 1218 515 Huc
1235 448 1373 538 peredit,

127 569 130 577 ·
189 544 274 630 quod
310 545 343 608 in
380 543 498 624 linguis
535 541 812 622 lndogcrmanicis
849 560 919 608 sero
948 539 1073 607 demum
1103 540 1230 622 singula
1257 558 1375 622 genera

191 633 328 720 piscium
356 633 597 714 distinguuntur
623 636 655 697 61
679 651 719 697 66
736 630 831 698 radix
849 629 976 714 quidem
995 631 1181 710 communis,
1197 651 1261 715 qua
1276 629 1375 716 piscis

191 723 399 807 significetur,
424 721 562 789 inveniri
590 727 699 806 potest
723 719 910 802 (Schrader,
935 719 1037 785 Reall.
1062 741 1094 804 p.
1120 722 1183 783 242
1200 721 1261 806 sq.)
1286 718 1375 798 Quae

189 834 260 878 eum
286 813 334 879 ita
357 813 433 892 sint,
456 812 527 878 fleri
546 816 665 897 potest,
689 818 725 876 ut
740 810 822 876 haec
840 809 1033 875 Graecorum
1051 809 1092 875 16
1107 809 1249 895 piscibus
1265 810 1374 894 opinio

188 923 266 969 vore
291 903 479 988 superstitio
505 901 548 967 sit
572 900 809 985 antiquissima.
858 896 938 964 Nam
964 899 991 964 si
1008 899 1152 986 profecto
1168 899 1275 984 pisces
1290 900 1374 964 inter

189 1012 310 1074 angues
333 991 599 1072 numerabantur,
624 990 733 1057 statim
756 996 897 1076 apparet
913 987 1054 1055 Graecos
1070 989 1116 1054 eis
1132 1007 1195 1053 non
1212 988 1374 1056 abstinere

188 1102 250 1149 non
275 1083 434 1168 potuisse.
482 1078 562 1146 Nam
587 1101 689 1163 neque
713 1081 844 1145 6611666
860 1078 944 1144 ullus
960 1078 1107 1165 populus,
1131 1078 1205 1163 quin
1223 1079 1372 1160 anguium

188 1192 285 1238 carne
322 1171 487 1236 abstineat
521 1177 553 1237 61
581 1171 703 1254 antiqui
736 1177 866 1255 praeter
896 1176 1019 1235 ceteros
1048 1167 1222 1250 habebant,
1258 1188 1312 1233 cur
1339 1165 1372 1232 id

188 1263 343 1343 facerent,
381 1280 451 1326 cum
488 1259 571 1324 inter
599 1279 708 1325 omncs
738 1267 861 1326 constet
894 1277 948 1324 666
977 1256 1156 1324 6661111666
1185 1264 1216 1324 61
1247 1258 1372 1324 animas

189 1358 385 1417 mortuorum
412 1356 444 1414 61
466 1348 581 1415 heroes
606 1356 638 1414 et
662 1351 739 1415 deos
764 1348 882 1414 inferos
907 1367 1005 1434 saepe
1023 1347 1173 1430 anguium
1192 1346 1250 1413 sub
1270 1347 1373 1413 forma

189 1442 223 1505 in
249 1447 368 1505 terram
393 1438 575 1505 escendere.
623 1438 713 1518 Quae
737 1440 846 1525 opinio
872 1458 934 1505 non
959 1438 1163 1522 antiquitatis
1187 1436 1288 1502 solius
1313 1444 1372 1521 est,

192 1529 230 1594 61.
256 1527 309 1594 Fr.
335 1532 364 1594 3.
391 1532 456 1593 410
481 1528 556 1594 616.

280 1619 413 1704 Quaqua
444 1620 570 1686 ratione
598 1637 648 1684 res
677 1639 711 1684 66
740 1619 850 1700 babet,
879 1637 1008 1703 semper
1036 1622 1121 1682 certe
1150 1617 1372 1698 cognoscimus

189 1709 293 1794 pisces
318 1729 389 1774 enm
414 1709 501 1776 cultu
525 1709 704 1774 animarum
730 1709 967 1790 inferorumque
983 1705 1165 1772 cohaerere.
1213 1706 1295 1784 Quin
1312 1727 1371 1791 pro

188 1799 267 1884 ipsis
295 1797 459 1864 hominum
485 1798 603 1862 animis
627 1797 862 1863 substituuntur
887 1795 1076 1861 aRomanis
1092 1797 1124 1858 in
1142 1796 1371 1862 Vulcanalibus

188 1887 406 1968 celebrandis,
437 1886 477 1951 cf.
502 1885 590 1951 Fest.
617 1886 693 1950 306.
720 1889 761 1948 23
786 1885 856 1966 rh,
880 1885 933 1968 qui
962 1891 1074 1948 narrat
1098 1883 1240 1950 Volcano
1268 1885 1372 1970 pisces

191 1977 280 2042 vivos
305 1995 364 2060 pro
390 1976 507 2040 animis
533 1975 681 2039 humanis
707 1974 867 2040 immolari
893 1973 1004 2040 solitos
1028 1993 1108 2055 esse,
1139 1985 1171 2038 et
1194 1972 1371 2040 Varronem

190 2064 230 2128 de
254 2064 275 2129 l.
301 2065 321 2128 1.
347 2065 378 2129 6.
405 2066 463 2128 20:
497 2063 709 2148 ,Vulcanalia
738 2084 759 2129 a
783 2063 936 2145 Volcano,
966 2061 1049 2146 6661
1073 2063 1100 2127 61
1125 2071 1191 2131 tum
1217 2064 1317 2130 feriae
1340 2072 1372 2130 61

191 2153 278 2237 6661
302 2173 339 2220 66
365 2153 418 2218 116
441 2153 577 2238 populus
602 2174 660 2238 pro
684 2173 718 2219 sc
742 2155 774 2219 in
792 2155 901 2236 ignem
916 2153 1073 2218 animalia
1089 2149 1222 2218 mittir‘t
1248 2153 1370 2219 Similis

142 2291 148 2301 .
190 2242 541 2309 66166666116061111
572 2243 659 2310 tfast.
686 2246 718 2308 2.
744 2247 807 2307 577
834 2241 898 2329 sq.)
928 2243 969 2310 16
1001 2240 1118 2327 Numa,
1148 2244 1203 2328 661
1238 2243 1303 2310 Iovi
1329 2244 1372 2310 ad

189 2332 324 2398 fulmina
351 2333 475 2419 pianda
503 2333 644 2399 animam
677 2333 814 2400 bominis
845 2333 990 2417 poscenti
1018 2333 1139 2420 piscem
1164 2354 1199 2399 66
1222 2334 1370 2402 immola-

189 2432 293 2490 turum
325 2443 394 2490 esse
423 2424 590 2508 promittit.
639 2420 748 2507 Neque
777 2424 898 2488 iniuria
923 2422 1109 2488 Weickerus
1135 2423 1370 2507 (Seelenvogel,

190 2535 219 2599 p.
250 2515 327 2597 129)
358 2515 542 2600 suspicatur
570 2513 701 2580 Graecis
738 2533 862 2597 quoquc
897 2513 1082 2598 opinionem
1113 2513 1212 2578 luisse
1243 2516 1369 2580 animas

190 2611 383 2668 mortuorum
409 2605 439 2668 in
464 2605 570 2689 pisces
592 2603 837 2669 transscendere
864 2621 968 2686 posse,
992 2607 1027 2666 61
1050 2600 1263 2687 Empedocles
1279 2602 1320 2668 de
1336 2623 1370 2670 66

190 2691 360 2778 praedicat

298 2781 334 2845 fr.
364 2784 436 2845 117.
461 2783 480 2843 3
504 2779 618 2858 (Diels.
643 2779 752 2864 Vors.)

300 2863 380 2955 ,ἤδη
410 2861 471 2954 γάρ
500 2863 573 2932 rroa'
600 2863 664 2951 ἐγώ
692 2864 831 2956 γενόμην
857 2862 975 2975 κοίηός
1002 2890 1037 2932 τε
1066 2859 1146 2956 κόρη
1173 2891 1209 2932 aa

295 2953 427 3039 θάμνος
450 2954 478 3020 τ’
502 2951 620 3035 οἰωνός
643 2981 678 3022 aa
693 2955 746 3022 καὶ
762 2955 799 3037 ἐξ
822 2953 902 3033 ἁλὸς
919 2954 1057 3034 clionee
1074 2953 1207 3040 ipsust

190 3051 228 3116 cf.
257 3049 304 3116 W.
333 3050 408 3132 763,
445 3051 496 3135 661
533 3052 793 3136 superstitionem
820 3049 982 3135 quandam
1013 3051 1191 3117 incolarum
1220 3051 1368 3118 Palatiae

189 3141 361 3227 superioris
398 3141 505 3224 refert,
542 3142 595 3225 qui
631 3141 766 3208 credunt
800 3147 994 3206 mortuorum
1025 3140 1151 3206 animas
1179 3142 1237 3208 sub
1266 3143 1369 3208 forma

190 3236 330 3295 atrorum
362 3230 585 3313 pisciculorum
611 3231 642 3295 in
666 3230 799 3295 lacubus
825 3249 924 3314 usque
950 3228 993 3292 ad
1018 3229 1104 3295 diem
1129 3230 1296 3297 solutionis
1320 3232 1368 3294 vi-

191 3339 270 3382 vere.
321 3317 441 3384 Gentes
468 3339 591 3401 quoquc
621 3322 705 3385 feras
736 3327 769 3385 at
796 3321 935 3385 incultas
964 3338 1062 3405 saepo
1086 3319 1217 3385 6661666
1242 3321 1367 3387 animas

192 3415 384 3470 mortuorum
410 3408 443 3469 16
468 3408 572 3488 pisces
597 3410 734 3472 transire
754 3406 890 3491 ideoque
906 3409 1047 3492 piscibus
1064 3409 1225 3475 abstinere
1243 3409 1367 3488 docent,

191 3514 273 3576 quae
298 3492 428 3572 collegit
451 3492 504 3559 Fr.
527 3497 552 3556 l.
583 3498 657 3576 119,
682 3498 712 3558 2.
739 3498 816 3559 430.
839 3499 915 3560 432.
941 3497 980 3561 cs.
1005 3497 1146 3582 Dalyell,
1171 3497 1225 3564 tbe
1250 3498 1368 3562 darker

191 3581 416 3668 superstitious
441 3582 476 3646 61
496 3582 649 3647 Scotland
674 3605 706 3668 p.
731 3586 792 3647 4ll
819 3603 864 3668 sq.

279 3669 419 3736 Difficile
447 3678 497 3737 est
525 3671 622 3753 dictu,
654 3694 709 3738 cur
737 3674 993 3758 superstitiones,
1023 3694 1102 3756 quas
1134 3676 1366 3760 antiquissimis

190 3761 389 3848 temporibus
414 3762 543 3827 omnino
568 3781 637 3826 cum
663 3763 806 3848 piscibus
832 3763 1016 3829 coniunctas
1033 3765 1130 3830 fuisse
1147 3763 1367 3831 demonstrato

190 3852 296 3916 eonati
322 3870 442 3931 sumus,
471 3850 513 3914 ad
539 3870 593 3918 eos
618 3852 706 3918 cibos
732 3851 967 3936 descenderint,
992 3855 1044 3939 qui
1069 3854 1214 3939 symbolo
1238 3876 1365 3920 enume-

189 3949 309 4023 rantur,
347 3940 513 4021 melanuri,
552 3941 718 4025 erythrini,
755 3943 884 4025 triglac,
921 3943 1097 4029 acalepbae
1133 3965 1272 4010 carnem.
1330 3943 1366 4009 ln

189 4032 354 4097 rnelanuro
379 4031 516 4095 fortasse
546 4031 631 4096 color
660 4031 731 4112 fuit,
760 4053 852 4118 quern
881 4041 1015 4118 propter
1043 4033 1223 4099 bominibus
1252 4055 1364 4120 super-

188 4122 323 4186 stitiosis
358 4129 524 4206 suspectus
560 4140 631 4186 csso
665 4120 838 4188 videretur.
890 4121 1000 4204 Trigla
1035 4123 1176 4189 Hecatae
1211 4124 1244 4188 in
1280 4123 1366 4189 cultu

189 4209 320 4276 inultum
349 4211 438 4276 valet
466 4221 498 4276 61
528 4210 597 4276 lieri
621 4218 739 4298 potest,
768 4218 803 4277 ut
828 4233 869 4278 ex
894 4233 1003 4278 vocurn
1028 4208 1161 4297 τρίγλης
1184 4209 1364 4296 61666611-

187 4295 289 4374 τιδος,
312 4294 494 4383 τριηλήνου,
520 4299 662 4367 Hecatae
687 4302 921 4383 cognominum,
945 4301 1156 4369 similitudine
1181 4303 1228 4369 ris
1252 4322 1364 4386 super-

187 4388 315 4453 stitiosa
343 4389 433 4453 buius
462 4389 611 4476 pisciculi
642 4399 714 4456 orta
742 4391 791 4456 611.
840 4390 904 4456 Sed
930 4391 1009 4456 haec
1033 4412 1141 4459 merae
1165 4392 1364 4479 suspiciones

187 4482 262 4542 sunt
285 4486 318 4541 61
340 4477 504 4543 fatendum
528 4491 578 4544 est
602 4479 683 4545 nihil
708 4480 788 4546 certi
813 4478 854 4544 de
878 4481 939 4545 hac
962 4501 996 4546 re
1021 4490 1178 4548 constare.

276 4566 424 4631 Ceterum
452 4567 551 4648 trigla
574 4576 607 4635 61
631 4568 812 4636 melanurus
837 4576 912 4634 sunt
935 4570 1019 4636 inter
1043 4591 1097 4637 eos
1121 4571 1220 4654 cibos,
1249 4571 1363 4655 quibus
