<?xml version="1.0" encoding="UTF-8"?>
<!DOCTYPE html PUBLIC "-//W3C//DTD XHTML 1.0 Transitional//EN"
    "http://www.w3.org/TR/xhtml1/DTD/xhtml1-transitional.dtd">
<html xmlns="http://www.w3.org/1999/xhtml" xml:lang="en" lang="en">
 <head>
  <title>
</title>
<meta http-equiv="Content-Type" content="text/html;charset=utf-8" />
  <meta name='ocr-system' content='tesseract 3.04.00' />
  <meta name='ocr-capabilities' content='ocr_page ocr_carea ocr_par ocr_line ocrx_word'/>
</head>
<body>
  <div class='ocr_page' id='page_1' title='image "./desymbolispytha01boehgoog_0052.png"; bbox 0 0 3268 5050; ppageno 0'>
   <div class='ocr_carea' id='block_1_1' title="bbox 1378 264 1420 325">
    <p class='ocr_par' dir='ltr' id='par_1_1' title="bbox 1378 264 1420 325">
     <span class='ocr_line' id='line_1_1' title="bbox 1378 264 1420 325; baseline -0.024 0"><span class='ocrx_word' id='word_1_1' title='bbox 1378 264 1420 325; x_wconf 88' lang='grc'>47</span> 
     </span>
    </p>
   </div>
   <div class='ocr_carea' id='block_1_2' title="bbox 238 455 1421 1351">
    <p class='ocr_par' dir='ltr' id='par_1_2' title="bbox 242 455 1421 726">
     <span class='ocr_line' id='line_1_2' title="bbox 243 455 1421 543; baseline -0.003 -16"><span class='ocrx_word' id='word_1_2' title='bbox 243 466 276 527; x_wconf 89' lang='lat' dir='ltr'>et</span> <span class='ocrx_word' id='word_1_3' title='bbox 304 482 366 543; x_wconf 91' lang='lat' dir='ltr'>qua</span> <span class='ocrx_word' id='word_1_4' title='bbox 398 459 438 526; x_wconf 89' lang='lat' dir='ltr'>de</span> <span class='ocrx_word' id='word_1_5' title='bbox 466 479 563 525; x_wconf 90' lang='lat' dir='ltr'>oausa</span> <span class='ocrx_word' id='word_1_6' title='bbox 587 458 821 524; x_wconf 77' lang='lat' dir='ltr'>meditamenta</span> <span class='ocrx_word' id='word_1_7' title='bbox 844 458 929 523; x_wconf 90' lang='lat' dir='ltr'>inter</span> <span class='ocrx_word' id='word_1_8' title='bbox 951 457 1073 523; x_wconf 80' lang='lat' dir='ltr'><strong>orbitas</strong></span> <span class='ocrx_word' id='word_1_9' title='bbox 1097 464 1214 542; x_wconf 87' lang='lat' dir='ltr'>parata</span> <span class='ocrx_word' id='word_1_10' title='bbox 1238 455 1421 524; x_wconf 84' lang='lat' dir='ltr'>efdoaoiora</span> 
     </span>
     <span class='ocr_line' id='line_1_3' title="bbox 243 546 1421 632; baseline -0.003 -16"><span class='ocrx_word' id='word_1_11' title='bbox 243 551 308 617; x_wconf 90' lang='lat' dir='ltr'>sint</span> <span class='ocrx_word' id='word_1_12' title='bbox 331 559 363 616; x_wconf 93' lang='lat' dir='ltr'>et</span> <span class='ocrx_word' id='word_1_13' title='bbox 386 571 450 632; x_wconf 86' lang='lat' dir='ltr'>cur,</span> <span class='ocrx_word' id='word_1_14' title='bbox 479 549 563 632; x_wconf 90' lang='lat' dir='ltr'>quod</span> <span class='ocrx_word' id='word_1_15' title='bbox 586 547 670 614; x_wconf 90' lang='lat' dir='ltr'>Plin.</span> <span class='ocrx_word' id='word_1_16' title='bbox 695 555 728 615; x_wconf 87' lang='lat' dir='ltr'>et</span> <span class='ocrx_word' id='word_1_17' title='bbox 750 547 821 614; x_wconf 85' lang='lat' dir='ltr'>Ael.</span> <span class='ocrx_word' id='word_1_18' title='bbox 845 548 866 612; x_wconf 95' lang='lat' dir='ltr'>l.</span> <span class='ocrx_word' id='word_1_19' title='bbox 892 567 918 612; x_wconf 88' lang='lat' dir='ltr'>o.</span> <span class='ocrx_word' id='word_1_20' title='bbox 944 546 1098 630; x_wconf 82' lang='lat' dir='ltr'>adiciunt,</span> <span class='ocrx_word' id='word_1_21' title='bbox 1127 567 1227 613; x_wconf 90' lang='lat' dir='ltr'>arena</span> <span class='ocrx_word' id='word_1_22' title='bbox 1250 568 1291 614; x_wconf 84' lang='lat' dir='ltr'>ex</span> <span class='ocrx_word' id='word_1_23' title='bbox 1314 548 1421 614; x_wconf 91' lang='lat' dir='ltr'>orbita</span> 
     </span>
     <span class='ocr_line' id='line_1_4' title="bbox 242 638 979 726; baseline -0.007 -20"><span class='ocrx_word' id='word_1_24' title='bbox 242 645 369 726; x_wconf 88' lang='lat' dir='ltr'>sumpta</span> <span class='ocrx_word' id='word_1_25' title='bbox 393 638 548 707; x_wconf 82' lang='lat' dir='ltr'>morsibus</span> <span class='ocrx_word' id='word_1_26' title='bbox 572 638 780 705; x_wconf 77' lang='lat' dir='ltr'>mustelarum</span> <span class='ocrx_word' id='word_1_27' title='bbox 804 638 979 703; x_wconf 78' lang='lat' dir='ltr'>medeatur.</span> 
     </span>
    </p>

    <p class='ocr_par' dir='ltr' id='par_1_3' title="bbox 238 725 1419 1351">
     <span class='ocr_line' id='line_1_5' title="bbox 332 725 1419 810; baseline -0.002 -16"><span class='ocrx_word' id='word_1_28' title='bbox 332 727 452 806; x_wconf 81' lang='lat' dir='ltr'>Quodsi</span> <span class='ocrx_word' id='word_1_29' title='bbox 475 727 704 810; x_wconf 75' lang='lat' dir='ltr'>intelleximus,</span> <span class='ocrx_word' id='word_1_30' title='bbox 729 748 783 794; x_wconf 90' lang='lat' dir='ltr'>our</span> <span class='ocrx_word' id='word_1_31' title='bbox 807 725 986 792; x_wconf 90' lang='lat' dir='ltr'>hominibus</span> <span class='ocrx_word' id='word_1_32' title='bbox 1010 725 1242 807; x_wconf 87' lang='lat' dir='ltr'>superstitiosis</span> <span class='ocrx_word' id='word_1_33' title='bbox 1266 727 1339 792; x_wconf 87' lang='lat' dir='ltr'>viae</span> <span class='ocrx_word' id='word_1_34' title='bbox 1363 749 1419 810; x_wconf 92' lang='lat' dir='ltr'>pu-</span> 
     </span>
     <span class='ocr_line' id='line_1_6' title="bbox 241 814 1418 896; baseline -0.001 -13"><span class='ocrx_word' id='word_1_35' title='bbox 241 816 345 884; x_wconf 88' lang='lat' dir='ltr'>blioae</span> <span class='ocrx_word' id='word_1_36' title='bbox 361 817 514 884; x_wconf 85' lang='lat' dir='ltr'>vitandae</span> <span class='ocrx_word' id='word_1_37' title='bbox 538 837 608 883; x_wconf 86' lang='lat' dir='ltr'>esse</span> <span class='ocrx_word' id='word_1_38' title='bbox 632 818 720 884; x_wconf 88' lang='lat' dir='ltr'>visae</span> <span class='ocrx_word' id='word_1_39' title='bbox 744 817 817 896; x_wconf 89' lang='lat' dir='ltr'>sint,</span> <span class='ocrx_word' id='word_1_40' title='bbox 841 815 930 882; x_wconf 90' lang='lat' dir='ltr'>haud</span> <span class='ocrx_word' id='word_1_41' title='bbox 946 814 1078 882; x_wconf 79' lang='lat' dir='ltr'>difficile</span> <span class='ocrx_word' id='word_1_42' title='bbox 1096 815 1157 881; x_wconf 85' lang='lat' dir='ltr'>erit</span> <span class='ocrx_word' id='word_1_43' title='bbox 1173 816 1269 881; x_wconf 86' lang='lat' dir='ltr'>etiam</span> <span class='ocrx_word' id='word_1_44' title='bbox 1288 816 1418 882; x_wconf 89' lang='lat' dir='ltr'>alterius</span> 
     </span>
     <span class='ocr_line' id='line_1_7' title="bbox 238 905 1416 992; baseline 0.002 -20"><span class='ocrx_word' id='word_1_45' title='bbox 238 907 374 992; x_wconf 86' lang='lat' dir='ltr'>symboli</span> <span class='ocrx_word' id='word_1_46' title='bbox 421 907 685 990; x_wconf 81' lang='lat' dir='ltr'>significationem</span> <span class='ocrx_word' id='word_1_47' title='bbox 720 905 873 974; x_wconf 88' lang='lat' dir='ltr'>invenire.</span> <span class='ocrx_word' id='word_1_48' title='bbox 936 905 1104 972; x_wconf 90' lang='lat' dir='ltr'>Timebant</span> <span class='ocrx_word' id='word_1_49' title='bbox 1142 906 1226 971; x_wconf 92' lang='lat' dir='ltr'>enim</span> <span class='ocrx_word' id='word_1_50' title='bbox 1263 905 1416 988; x_wconf 91' lang='lat' dir='ltr'>homines,</span> 
     </span>
     <span class='ocr_line' id='line_1_8' title="bbox 241 993 1418 1079; baseline 0 -18"><span class='ocrx_word' id='word_1_51' title='bbox 241 1017 280 1061; x_wconf 92' lang='lat' dir='ltr'>ne</span> <span class='ocrx_word' id='word_1_52' title='bbox 303 997 439 1078; x_wconf 88' lang='lat' dir='ltr'>strepitu</span> <span class='ocrx_word' id='word_1_53' title='bbox 463 1017 502 1062; x_wconf 87' lang='lat' dir='ltr'>ao</span> <span class='ocrx_word' id='word_1_54' title='bbox 525 1004 673 1077; x_wconf 89' lang='lat' dir='ltr'>tremore,</span> <span class='ocrx_word' id='word_1_55' title='bbox 698 997 749 1079; x_wconf 87' lang='lat' dir='ltr'>qui</span> <span class='ocrx_word' id='word_1_56' title='bbox 773 995 810 1061; x_wconf 87' lang='lat' dir='ltr'>fit</span> <span class='ocrx_word' id='word_1_57' title='bbox 833 995 930 1078; x_wconf 87' lang='lat' dir='ltr'>lignis</span> <span class='ocrx_word' id='word_1_58' title='bbox 955 993 1151 1076; x_wconf 72' lang='lat' dir='ltr'>suadendis,</span> <span class='ocrx_word' id='word_1_59' title='bbox 1183 994 1344 1061; x_wconf 88' lang='lat' dir='ltr'>larvarum</span> <span class='ocrx_word' id='word_1_60' title='bbox 1367 996 1418 1061; x_wconf 93' lang='lat' dir='ltr'>ira</span> 
     </span>
     <span class='ocr_line' id='line_1_9' title="bbox 239 1083 1418 1168; baseline 0.002 -18"><span class='ocrx_word' id='word_1_61' title='bbox 239 1087 436 1167; x_wconf 83' lang='lat' dir='ltr'>insitaretur,</span> <span class='ocrx_word' id='word_1_62' title='bbox 461 1107 559 1168; x_wconf 89' lang='lat' dir='ltr'>quare</span> <span class='ocrx_word' id='word_1_63' title='bbox 583 1087 680 1152; x_wconf 88' lang='lat' dir='ltr'>etiam</span> <span class='ocrx_word' id='word_1_64' title='bbox 698 1087 929 1153; x_wconf 86' lang='lat' dir='ltr'>Germanorum</span> <span class='ocrx_word' id='word_1_65' title='bbox 952 1084 1135 1166; x_wconf 86' lang='lat' dir='ltr'>superstitio</span> <span class='ocrx_word' id='word_1_66' title='bbox 1153 1083 1242 1165; x_wconf 84' lang='lat' dir='ltr'>ligna</span> <span class='ocrx_word' id='word_1_67' title='bbox 1258 1085 1292 1150; x_wconf 91' lang='lat' dir='ltr'>in</span> <span class='ocrx_word' id='word_1_68' title='bbox 1307 1085 1418 1152; x_wconf 94' lang='lat' dir='ltr'>limine</span> 
     </span>
     <span class='ocr_line' id='line_1_10' title="bbox 238 1173 1416 1258; baseline 0 -19"><span class='ocrx_word' id='word_1_69' title='bbox 238 1176 341 1241; x_wconf 91' lang='lat' dir='ltr'>soindi</span> <span class='ocrx_word' id='word_1_70' title='bbox 370 1185 469 1258; x_wconf 90' lang='lat' dir='ltr'>vetat,</span> <span class='ocrx_word' id='word_1_71' title='bbox 504 1176 579 1258; x_wconf 86' lang='lat' dir='ltr'>quia</span> <span class='ocrx_word' id='word_1_72' title='bbox 613 1176 672 1240; x_wconf 91' lang='lat' dir='ltr'>sub</span> <span class='ocrx_word' id='word_1_73' title='bbox 707 1195 744 1241; x_wconf 93' lang='lat' dir='ltr'>eo</span> <span class='ocrx_word' id='word_1_74' title='bbox 774 1175 888 1256; x_wconf 84' lang='lat' dir='ltr'>anguis</span> <span class='ocrx_word' id='word_1_75' title='bbox 916 1173 1056 1257; x_wconf 83' lang='lat' dir='ltr'>quidam,</span> <span class='ocrx_word' id='word_1_76' title='bbox 1093 1175 1147 1255; x_wconf 90' lang='lat' dir='ltr'>qui</span> <span class='ocrx_word' id='word_1_77' title='bbox 1177 1173 1305 1239; x_wconf 81' lang='lat' dir='ltr'>donnum</span> <span class='ocrx_word' id='word_1_78' title='bbox 1335 1177 1416 1242; x_wconf 87' lang='lat' dir='ltr'>tueri</span> 
     </span>
     <span class='ocr_line' id='line_1_11' title="bbox 241 1261 1370 1351; baseline 0 -24"><span class='ocrx_word' id='word_1_79' title='bbox 241 1272 381 1349; x_wconf 88' lang='lat' dir='ltr'>putatur,</span> <span class='ocrx_word' id='word_1_80' title='bbox 408 1263 618 1350; x_wconf 59' lang='lat' dir='ltr'>,Hausotterl</span> <span class='ocrx_word' id='word_1_81' title='bbox 645 1266 828 1351; x_wconf 89' lang='lat' dir='ltr'>appellatus</span> <span class='ocrx_word' id='word_1_82' title='bbox 853 1263 1049 1330; x_wconf 91' lang='lat' dir='ltr'>domioilium</span> <span class='ocrx_word' id='word_1_83' title='bbox 1073 1261 1193 1329; x_wconf 90' lang='lat' dir='ltr'>habeat</span> <span class='ocrx_word' id='word_1_84' title='bbox 1216 1262 1288 1344; x_wconf 62' lang='lat' dir='ltr'>(W.</span> <span class='ocrx_word' id='word_1_85' title='bbox 1303 1265 1370 1348; x_wconf 86' lang='lat'>57).</span> 
     </span>
    </p>
   </div>
   <div class='ocr_carea' id='block_1_3' title="bbox 236 1437 1414 1796">
    <p class='ocr_par' dir='ltr' id='par_1_4' title="bbox 236 1437 1414 1796">
     <span class='ocr_line' id='line_1_12' title="bbox 238 1437 1414 1527; baseline 0.001 -20"><span class='ocrx_word' id='word_1_86' title='bbox 238 1447 294 1524; x_wconf 79' lang='lat'>43)</span> <span class='ocrx_word' id='word_1_87' title='bbox 317 1438 552 1527; x_wconf 69' lang='grc' dir='ltr'><em>ἀποδημοῦντα</em></span> <span class='ocrx_word' id='word_1_88' title='bbox 574 1439 631 1504; x_wconf 82' lang='grc' dir='ltr'>ἐπὶ</span> <span class='ocrx_word' id='word_1_89' title='bbox 656 1443 727 1516; x_wconf 80' lang='grc' dir='ltr'><strong><em>τοῖς</em></strong></span> <span class='ocrx_word' id='word_1_90' title='bbox 743 1438 836 1526; x_wconf 81' lang='grc' dir='ltr'><strong><em>ὅροις</em></strong></span> <span class='ocrx_word' id='word_1_91' title='bbox 851 1438 898 1527; x_wconf 74' lang='grc' dir='ltr'>μή</span> <span class='ocrx_word' id='word_1_92' title='bbox 913 1437 1190 1527; x_wconf 71' lang='grc' dir='ltr'><strong><em>ἐπιστρέφεσθαι.</em></strong></span> <span class='ocrx_word' id='word_1_93' title='bbox 1206 1442 1347 1508; x_wconf 80' lang='lat' dir='ltr'>Andros.</span> <span class='ocrx_word' id='word_1_94' title='bbox 1362 1464 1414 1526; x_wconf 90' lang='lat' dir='ltr'>ap.</span> 
     </span>
     <span class='ocr_line' id='line_1_13' title="bbox 237 1530 1413 1618; baseline -0.003 -20"><span class='ocrx_word' id='word_1_95' title='bbox 237 1533 378 1600; x_wconf 89' lang='lat' dir='ltr'>Demetr.</span> <span class='ocrx_word' id='word_1_96' title='bbox 407 1534 477 1618; x_wconf 84' lang='lat' dir='ltr'>Byr.</span> <span class='ocrx_word' id='word_1_97' title='bbox 502 1534 524 1598; x_wconf 87' lang='lat' dir='ltr'>l.</span> <span class='ocrx_word' id='word_1_98' title='bbox 550 1554 577 1600; x_wconf 80' lang='lat' dir='ltr'>o.</span> <span class='ocrx_word' id='word_1_99' title='bbox 601 1531 687 1616; x_wconf 90' lang='lat' dir='ltr'>Pspl.</span> <span class='ocrx_word' id='word_1_100' title='bbox 714 1533 734 1597; x_wconf 92' lang='lat' dir='ltr'>l.</span> <span class='ocrx_word' id='word_1_101' title='bbox 749 1555 776 1600; x_wconf 89' lang='lat' dir='ltr'>o.</span> <span class='ocrx_word' id='word_1_102' title='bbox 802 1533 898 1615; x_wconf 84' lang='lat' dir='ltr'>Diag.</span> <span class='ocrx_word' id='word_1_103' title='bbox 924 1532 1004 1597; x_wconf 72' lang='lat' dir='ltr'>ts.</span> <span class='ocrx_word' id='word_1_104' title='bbox 1024 1536 1072 1596; x_wconf 89' lang='lat'>17.</span> <span class='ocrx_word' id='word_1_105' title='bbox 1093 1567 1130 1579; x_wconf 87' lang='lat'>—</span> <span class='ocrx_word' id='word_1_106' title='bbox 1151 1531 1233 1597; x_wconf 91' lang='lat' dir='ltr'>Plut.</span> <span class='ocrx_word' id='word_1_107' title='bbox 1259 1530 1362 1598; x_wconf 90' lang='lat' dir='ltr'>Numa</span> <span class='ocrx_word' id='word_1_108' title='bbox 1386 1555 1413 1600; x_wconf 88' lang='lat' dir='ltr'>o.</span> 
     </span>
     <span class='ocr_line' id='line_1_14' title="bbox 240 1620 1413 1705; baseline 0.002 -19"><span class='ocrx_word' id='word_1_109' title='bbox 240 1626 288 1688; x_wconf 85' lang='lat'>14.</span> <span class='ocrx_word' id='word_1_110' title='bbox 314 1659 354 1668; x_wconf 96' lang='lat'><em>-</em></span> <span class='ocrx_word' id='word_1_111' title='bbox 382 1622 500 1688; x_wconf 79' lang='lat' dir='ltr'>dambl.</span> <span class='ocrx_word' id='word_1_112' title='bbox 525 1621 628 1689; x_wconf 90' lang='lat' dir='ltr'>Protr.</span> <span class='ocrx_word' id='word_1_113' title='bbox 654 1625 706 1687; x_wconf 84' lang='lat'>21.</span> <span class='ocrx_word' id='word_1_114' title='bbox 732 1659 774 1668; x_wconf 92' lang='lat'>—</span> <span class='ocrx_word' id='word_1_115' title='bbox 799 1622 926 1705; x_wconf 90' lang='lat' dir='ltr'>Hippol.</span> <span class='ocrx_word' id='word_1_116' title='bbox 957 1621 1027 1689; x_wconf 83' lang='lat' dir='ltr'>Rei.</span> <span class='ocrx_word' id='word_1_117' title='bbox 1053 1620 1083 1684; x_wconf 84' lang='lat'>6.</span> <span class='ocrx_word' id='word_1_118' title='bbox 1109 1621 1151 1685; x_wconf 81' lang='lat'>26</span> <span class='ocrx_word' id='word_1_119' title='bbox 1189 1657 1228 1666; x_wconf 92' lang='lat'>-</span> <span class='ocrx_word' id='word_1_120' title='bbox 1254 1622 1356 1689; x_wconf 90' lang='lat' dir='ltr'>Prool.</span> <span class='ocrx_word' id='word_1_121' title='bbox 1381 1623 1413 1688; x_wconf 92' lang='lat' dir='ltr'>in</span> 
     </span>
     <span class='ocr_line' id='line_1_15' title="bbox 236 1705 1413 1796; baseline -0.002 -20"><span class='ocrx_word' id='word_1_122' title='bbox 236 1711 378 1778; x_wconf 84' lang='lat' dir='ltr'>Platonis</span> <span class='ocrx_word' id='word_1_123' title='bbox 403 1711 524 1778; x_wconf 81' lang='lat' dir='ltr'>Phaed.</span> <span class='ocrx_word' id='word_1_124' title='bbox 538 1733 567 1794; x_wconf 84' lang='lat' dir='ltr'>p.</span> <span class='ocrx_word' id='word_1_125' title='bbox 582 1712 647 1776; x_wconf 86' lang='lat'>8.6</span> <span class='ocrx_word' id='word_1_126' title='bbox 671 1710 809 1777; x_wconf 83' lang='lat' dir='ltr'>Finskh.</span> <span class='ocrx_word' id='word_1_127' title='bbox 834 1707 992 1790; x_wconf 75' lang='grc' dir='ltr'><strong><em>(οἷπιόιιτα</em></strong></span> <span class='ocrx_word' id='word_1_128' title='bbox 1015 1705 1064 1784; x_wconf 83' lang='grc' dir='ltr'>εἰς</span> <span class='ocrx_word' id='word_1_129' title='bbox 1087 1705 1176 1793; x_wconf 77' lang='grc' dir='ltr'><strong><em>ἱερὸν</em></strong></span> <span class='ocrx_word' id='word_1_130' title='bbox 1198 1705 1244 1794; x_wconf 71' lang='grc' dir='ltr'>μή</span> <span class='ocrx_word' id='word_1_131' title='bbox 1268 1706 1413 1796; x_wconf 79' lang='grc' dir='ltr'><strong><em>ἐπιστρ).</em></strong></span> 
     </span>
    </p>
   </div>
   <div class='ocr_carea' id='block_1_4' title="bbox 225 1799 1414 4658">
    <p class='ocr_par' dir='ltr' id='par_1_5' title="bbox 226 1799 1414 4298">
     <span class='ocr_line' id='line_1_16' title="bbox 336 1799 1414 1886; baseline 0.003 -21"><span class='ocrx_word' id='word_1_132' title='bbox 336 1801 427 1879; x_wconf 86' lang='lat' dir='ltr'>Quod</span> <span class='ocrx_word' id='word_1_133' title='bbox 468 1800 554 1882; x_wconf 88' lang='lat' dir='ltr'>apud</span> <span class='ocrx_word' id='word_1_134' title='bbox 592 1800 807 1867; x_wconf 75' lang='lat' dir='ltr'>lamblichum</span> <span class='ocrx_word' id='word_1_135' title='bbox 848 1809 881 1867; x_wconf 90' lang='lat' dir='ltr'>et</span> <span class='ocrx_word' id='word_1_136' title='bbox 918 1799 1125 1886; x_wconf 89' lang='lat' dir='ltr'>Hippolytum</span> <span class='ocrx_word' id='word_1_137' title='bbox 1166 1799 1326 1866; x_wconf 76' lang='lat' dir='ltr'>adiectum</span> <span class='ocrx_word' id='word_1_138' title='bbox 1365 1812 1414 1868; x_wconf 85' lang='lat' dir='ltr'>est</span> 
     </span>
     <span class='ocr_line' id='line_1_17' title="bbox 233 1884 1414 1975; baseline 0.006 -26"><span class='ocrx_word' id='word_1_139' title='bbox 233 1884 374 1974; x_wconf 80' lang='grc' dir='ltr'><strong><em>Ἐρινύες</em></strong></span> <span class='ocrx_word' id='word_1_140' title='bbox 387 1885 448 1972; x_wconf 72' lang='grc' dir='ltr'>γάρ</span> <span class='ocrx_word' id='word_1_141' title='bbox 460 1884 651 1971; x_wconf 79' lang='grc' dir='ltr'><strong><em>μετέρχοτοι</em></strong></span> <span class='ocrx_word' id='word_1_142' title='bbox 666 1890 839 1955; x_wconf 82' lang='lat' dir='ltr'>maximum</span> <span class='ocrx_word' id='word_1_143' title='bbox 855 1898 904 1955; x_wconf 91' lang='lat' dir='ltr'>ost</span> <span class='ocrx_word' id='word_1_144' title='bbox 916 1889 1135 1956; x_wconf 88' lang='lat' dir='ltr'>adiumentum</span> <span class='ocrx_word' id='word_1_145' title='bbox 1151 1888 1194 1953; x_wconf 91' lang='lat' dir='ltr'>ad</span> <span class='ocrx_word' id='word_1_146' title='bbox 1210 1889 1269 1955; x_wconf 91' lang='lat' dir='ltr'>hoe</span> <span class='ocrx_word' id='word_1_147' title='bbox 1286 1890 1414 1975; x_wconf 81' lang='lat' dir='ltr'>symbo-</span> 
     </span>
     <span class='ocr_line' id='line_1_18' title="bbox 233 1977 1412 2062; baseline 0.003 -19"><span class='ocrx_word' id='word_1_148' title='bbox 233 1979 297 2044; x_wconf 93' lang='lat' dir='ltr'>lum</span> <span class='ocrx_word' id='word_1_149' title='bbox 322 1977 558 2062; x_wconf 86' lang='lat' dir='ltr'>explioandum,</span> <span class='ocrx_word' id='word_1_150' title='bbox 582 1979 774 2060; x_wconf 88' lang='lat' dir='ltr'>quamquam</span> <span class='ocrx_word' id='word_1_151' title='bbox 798 1979 858 2046; x_wconf 88' lang='lat' dir='ltr'>hoo</span> <span class='ocrx_word' id='word_1_152' title='bbox 880 1977 1085 2045; x_wconf 81' lang='lat' dir='ltr'>interdictum</span> <span class='ocrx_word' id='word_1_153' title='bbox 1109 1985 1175 2042; x_wconf 91' lang='lat' dir='ltr'>tam</span> <span class='ocrx_word' id='word_1_154' title='bbox 1199 1999 1295 2061; x_wconf 84' lang='lat' dir='ltr'>saepe</span> <span class='ocrx_word' id='word_1_155' title='bbox 1311 1979 1412 2061; x_wconf 87' lang='lat' dir='ltr'>pluri-</span> 
     </span>
     <span class='ocr_line' id='line_1_19' title="bbox 235 2069 1412 2154; baseline 0.002 -22"><span class='ocrx_word' id='word_1_156' title='bbox 235 2088 353 2134; x_wconf 92' lang='lat' dir='ltr'>morum</span> <span class='ocrx_word' id='word_1_157' title='bbox 382 2069 568 2154; x_wconf 90' lang='lat' dir='ltr'>populorum</span> <span class='ocrx_word' id='word_1_158' title='bbox 597 2070 629 2133; x_wconf 93' lang='lat' dir='ltr'>in</span> <span class='ocrx_word' id='word_1_159' title='bbox 658 2069 935 2154; x_wconf 87' lang='lat' dir='ltr'>superstitionibus</span> <span class='ocrx_word' id='word_1_160' title='bbox 964 2069 1153 2151; x_wconf 83' lang='lat' dir='ltr'>invenimus,</span> <span class='ocrx_word' id='word_1_161' title='bbox 1182 2075 1217 2133; x_wconf 92' lang='lat' dir='ltr'>ut</span> <span class='ocrx_word' id='word_1_162' title='bbox 1240 2069 1337 2134; x_wconf 91' lang='lat' dir='ltr'>etiam</span> <span class='ocrx_word' id='word_1_163' title='bbox 1364 2069 1412 2134; x_wconf 90' lang='lat' dir='ltr'>his</span> 
     </span>
     <span class='ocr_line' id='line_1_20' title="bbox 235 2157 1411 2245; baseline 0.003 -25"><span class='ocrx_word' id='word_1_164' title='bbox 235 2158 339 2223; x_wconf 88' lang='lat' dir='ltr'>verbis</span> <span class='ocrx_word' id='word_1_165' title='bbox 368 2178 429 2224; x_wconf 92' lang='lat' dir='ltr'>non</span> <span class='ocrx_word' id='word_1_166' title='bbox 459 2157 580 2224; x_wconf 88' lang='lat' dir='ltr'>additis</span> <span class='ocrx_word' id='word_1_167' title='bbox 605 2157 645 2224; x_wconf 95' lang='lat' dir='ltr'>de</span> <span class='ocrx_word' id='word_1_168' title='bbox 669 2159 791 2240; x_wconf 85' lang='lat' dir='ltr'>origine</span> <span class='ocrx_word' id='word_1_169' title='bbox 815 2158 953 2245; x_wconf 87' lang='lat' dir='ltr'>symboli</span> <span class='ocrx_word' id='word_1_170' title='bbox 978 2157 1126 2224; x_wconf 90' lang='lat' dir='ltr'>dubitare</span> <span class='ocrx_word' id='word_1_171' title='bbox 1150 2177 1213 2223; x_wconf 92' lang='lat' dir='ltr'>non</span> <span class='ocrx_word' id='word_1_172' title='bbox 1237 2178 1411 2240; x_wconf 92' lang='lat' dir='ltr'>possemus.</span> 
     </span>
     <span class='ocr_line' id='line_1_21' title="bbox 233 2245 1410 2334; baseline -0.002 -20"><span class='ocrx_word' id='word_1_173' title='bbox 233 2245 347 2331; x_wconf 89' lang='lat' dir='ltr'>Nullus</span> <span class='ocrx_word' id='word_1_174' title='bbox 372 2249 455 2313; x_wconf 89' lang='lat' dir='ltr'>enim</span> <span class='ocrx_word' id='word_1_175' title='bbox 482 2249 546 2313; x_wconf 90' lang='lat' dir='ltr'>fere</span> <span class='ocrx_word' id='word_1_176' title='bbox 568 2248 706 2334; x_wconf 92' lang='lat' dir='ltr'>populus</span> <span class='ocrx_word' id='word_1_177' title='bbox 731 2255 789 2331; x_wconf 86' lang='lat' dir='ltr'>est,</span> <span class='ocrx_word' id='word_1_178' title='bbox 818 2249 870 2330; x_wconf 89' lang='lat' dir='ltr'>qui</span> <span class='ocrx_word' id='word_1_179' title='bbox 895 2248 955 2314; x_wconf 87' lang='lat' dir='ltr'>hoo</span> <span class='ocrx_word' id='word_1_180' title='bbox 978 2247 1183 2315; x_wconf 81' lang='lat' dir='ltr'>interdictum</span> <span class='ocrx_word' id='word_1_181' title='bbox 1209 2248 1346 2331; x_wconf 83' lang='lat' dir='ltr'>ignoret,</span> <span class='ocrx_word' id='word_1_182' title='bbox 1371 2249 1410 2315; x_wconf 83' lang='lat' dir='ltr'>ol.</span> 
     </span>
     <span class='ocr_line' id='line_1_22' title="bbox 234 2336 1410 2422; baseline 0.002 -22"><span class='ocrx_word' id='word_1_183' title='bbox 234 2338 335 2404; x_wconf 91' lang='lat' dir='ltr'>multa</span> <span class='ocrx_word' id='word_1_184' title='bbox 370 2338 555 2405; x_wconf 90' lang='lat' dir='ltr'>testimonia</span> <span class='ocrx_word' id='word_1_185' title='bbox 590 2338 780 2421; x_wconf 84' lang='lat' dir='ltr'>scriptorum</span> <span class='ocrx_word' id='word_1_186' title='bbox 809 2358 891 2422; x_wconf 87' lang='lat' dir='ltr'>quae</span> <span class='ocrx_word' id='word_1_187' title='bbox 919 2338 1053 2404; x_wconf 84' lang='lat' dir='ltr'>eontulit</span> <span class='ocrx_word' id='word_1_188' title='bbox 1082 2336 1135 2403; x_wconf 82' lang='lat' dir='ltr'>Fr.</span> <span class='ocrx_word' id='word_1_189' title='bbox 1164 2336 1348 2404; x_wconf 85' lang='lat' dir='ltr'>Follr-Lore</span> <span class='ocrx_word' id='word_1_190' title='bbox 1383 2343 1410 2421; x_wconf 90' lang='lat'>1,</span> 
     </span>
     <span class='ocr_line' id='line_1_23' title="bbox 233 2425 1411 2514; baseline 0.003 -24"><span class='ocrx_word' id='word_1_191' title='bbox 233 2447 261 2506; x_wconf 88' lang='lat' dir='ltr'>p.</span> <span class='ocrx_word' id='word_1_192' title='bbox 291 2431 362 2510; x_wconf 88' lang='lat'>155,</span> <span class='ocrx_word' id='word_1_193' title='bbox 387 2429 499 2510; x_wconf 91' lang='lat' dir='ltr'>quibus</span> <span class='ocrx_word' id='word_1_194' title='bbox 523 2428 624 2492; x_wconf 89' lang='lat' dir='ltr'>multa</span> <span class='ocrx_word' id='word_1_195' title='bbox 649 2427 727 2493; x_wconf 91' lang='lat' dir='ltr'>addi</span> <span class='ocrx_word' id='word_1_196' title='bbox 751 2435 893 2514; x_wconf 87' lang='lat' dir='ltr'>possunt.</span> <span class='ocrx_word' id='word_1_197' title='bbox 920 2425 1023 2509; x_wconf 90' lang='lat' dir='ltr'>(velut</span> <span class='ocrx_word' id='word_1_198' title='bbox 1047 2426 1155 2491; x_wconf 84' lang='lat' dir='ltr'>Zsohr.</span> <span class='ocrx_word' id='word_1_199' title='bbox 1181 2427 1210 2492; x_wconf 84' lang='lat' dir='ltr'>d.</span> <span class='ocrx_word' id='word_1_200' title='bbox 1237 2427 1411 2494; x_wconf 88' lang='lat' dir='ltr'>doutsohen</span> 
     </span>
     <span class='ocr_line' id='line_1_24' title="bbox 231 2513 1410 2598; baseline 0.002 -18"><span class='ocrx_word' id='word_1_201' title='bbox 231 2515 450 2582; x_wconf 87' lang='lat' dir='ltr'>Pal-Vereins</span> <span class='ocrx_word' id='word_1_202' title='bbox 467 2522 496 2580; x_wconf 88' lang='lat'>7.</span> <span class='ocrx_word' id='word_1_203' title='bbox 511 2521 563 2584; x_wconf 84' lang='lat'>97.</span> <span class='ocrx_word' id='word_1_204' title='bbox 606 2516 789 2583; x_wconf 66' lang='lat' dir='ltr'>Fullo-Loro</span> <span class='ocrx_word' id='word_1_205' title='bbox 811 2519 894 2584; x_wconf 82' lang='lat'>1904</span> <span class='ocrx_word' id='word_1_206' title='bbox 910 2537 940 2597; x_wconf 93' lang='lat' dir='ltr'>p.</span> <span class='ocrx_word' id='word_1_207' title='bbox 961 2514 1051 2598; x_wconf 82' lang='lat'>206.)</span> <span class='ocrx_word' id='word_1_208' title='bbox 1089 2513 1177 2592; x_wconf 84' lang='lat' dir='ltr'>Quae</span> <span class='ocrx_word' id='word_1_209' title='bbox 1194 2536 1234 2580; x_wconf 84' lang='lat' dir='ltr'>ex</span> <span class='ocrx_word' id='word_1_210' title='bbox 1249 2517 1410 2582; x_wconf 88' lang='lat' dir='ltr'>veteribus</span> 
     </span>
     <span class='ocr_line' id='line_1_25' title="bbox 231 2603 1410 2689; baseline 0 -19"><span class='ocrx_word' id='word_1_211' title='bbox 231 2607 438 2688; x_wconf 80' lang='lat' dir='ltr'>scriptoribus</span> <span class='ocrx_word' id='word_1_212' title='bbox 462 2606 523 2670; x_wconf 88' lang='lat' dir='ltr'>huo</span> <span class='ocrx_word' id='word_1_213' title='bbox 547 2607 709 2686; x_wconf 88' lang='lat' dir='ltr'>pertinent</span> <span class='ocrx_word' id='word_1_214' title='bbox 733 2605 891 2670; x_wconf 88' lang='lat' dir='ltr'>aRhodio</span> <span class='ocrx_word' id='word_1_215' title='bbox 911 2605 958 2670; x_wconf 91' lang='lat' dir='ltr'>Ps.</span> <span class='ocrx_word' id='word_1_216' title='bbox 988 2607 1016 2669; x_wconf 83' lang='lat'>2.</span> <span class='ocrx_word' id='word_1_217' title='bbox 1031 2607 1073 2668; x_wconf 88' lang='lat'>85</span> <span class='ocrx_word' id='word_1_218' title='bbox 1098 2603 1234 2670; x_wconf 84' lang='lat' dir='ltr'>oolleota</span> <span class='ocrx_word' id='word_1_219' title='bbox 1249 2611 1333 2689; x_wconf 88' lang='lat' dir='ltr'>sunt,</span> <span class='ocrx_word' id='word_1_220' title='bbox 1358 2607 1410 2688; x_wconf 91' lang='lat' dir='ltr'>qui</span> 
     </span>
     <span class='ocr_line' id='line_1_26' title="bbox 230 2694 1408 2780; baseline 0 -20"><span class='ocrx_word' id='word_1_221' title='bbox 230 2695 279 2760; x_wconf 84' lang='lat' dir='ltr'>uir</span> <span class='ocrx_word' id='word_1_222' title='bbox 307 2694 509 2760; x_wconf 89' lang='lat' dir='ltr'>deotissimus</span> <span class='ocrx_word' id='word_1_223' title='bbox 538 2694 593 2759; x_wconf 92' lang='lat' dir='ltr'>illo</span> <span class='ocrx_word' id='word_1_224' title='bbox 621 2694 691 2760; x_wconf 87' lang='lat' dir='ltr'>loeo</span> <span class='ocrx_word' id='word_1_225' title='bbox 721 2695 762 2762; x_wconf 89' lang='lat' dir='ltr'>de</span> <span class='ocrx_word' id='word_1_226' title='bbox 791 2695 850 2761; x_wconf 87' lang='lat' dir='ltr'>hoo</span> <span class='ocrx_word' id='word_1_227' title='bbox 878 2714 1001 2778; x_wconf 89' lang='lat' dir='ltr'>quoque</span> <span class='ocrx_word' id='word_1_228' title='bbox 1031 2694 1176 2780; x_wconf 91' lang='lat' dir='ltr'>symbolo</span> <span class='ocrx_word' id='word_1_229' title='bbox 1206 2695 1283 2778; x_wconf 85' lang='lat' dir='ltr'>agit,</span> <span class='ocrx_word' id='word_1_230' title='bbox 1321 2697 1408 2760; x_wconf 89' lang='lat' dir='ltr'>euius</span> 
     </span>
     <span class='ocr_line' id='line_1_27' title="bbox 231 2783 1411 2872; baseline 0 -22"><span class='ocrx_word' id='word_1_231' title='bbox 231 2803 357 2850; x_wconf 90' lang='lat' dir='ltr'>sensum</span> <span class='ocrx_word' id='word_1_232' title='bbox 374 2785 549 2851; x_wconf 76' lang='lat' dir='ltr'>rectissime</span> <span class='ocrx_word' id='word_1_233' title='bbox 567 2783 737 2851; x_wconf 89' lang='lat' dir='ltr'>his-verbis</span> <span class='ocrx_word' id='word_1_234' title='bbox 753 2787 997 2872; x_wconf 89' lang='lat' dir='ltr'>interpretatur:</span> <span class='ocrx_word' id='word_1_235' title='bbox 1024 2783 1084 2849; x_wconf 90' lang='lat' dir='ltr'>Die</span> <span class='ocrx_word' id='word_1_236' title='bbox 1099 2783 1411 2866; x_wconf 85' lang='lat' dir='ltr'>Unterweltsgeister</span> 
     </span>
     <span class='ocr_line' id='line_1_28' title="bbox 232 2872 1408 2961; baseline -0.002 -21"><span class='ocrx_word' id='word_1_237' title='bbox 232 2873 471 2955; x_wconf 86' lang='lat' dir='ltr'>(urnwandelnd</span> <span class='ocrx_word' id='word_1_238' title='bbox 494 2875 551 2939; x_wconf 89' lang='lat' dir='ltr'>auf</span> <span class='ocrx_word' id='word_1_239' title='bbox 564 2872 683 2956; x_wconf 85' lang='lat' dir='ltr'>Erden,</span> <span class='ocrx_word' id='word_1_240' title='bbox 701 2876 761 2940; x_wconf 87' lang='lat' dir='ltr'>wie</span> <span class='ocrx_word' id='word_1_241' title='bbox 785 2896 836 2941; x_wconf 92' lang='lat' dir='ltr'>am</span> <span class='ocrx_word' id='word_1_242' title='bbox 855 2875 1002 2957; x_wconf 80' lang='lat' dir='ltr'>Fdnften,</span> <span class='ocrx_word' id='word_1_243' title='bbox 1025 2873 1107 2939; x_wconf 87' lang='lat' dir='ltr'>naoh</span> <span class='ocrx_word' id='word_1_244' title='bbox 1125 2873 1246 2940; x_wconf 89' lang='lat' dir='ltr'>Hesiod</span> <span class='ocrx_word' id='word_1_245' title='bbox 1261 2894 1312 2961; x_wconf 89' lang='lat' dir='ltr'>op.</span> <span class='ocrx_word' id='word_1_246' title='bbox 1326 2875 1408 2955; x_wconf 87' lang='lat'>803)</span> 
     </span>
     <span class='ocr_line' id='line_1_29' title="bbox 231 2961 1408 3046; baseline 0.002 -18"><span class='ocrx_word' id='word_1_247' title='bbox 231 2963 335 3044; x_wconf 84' lang='lat' dir='ltr'>fulgen</span> <span class='ocrx_word' id='word_1_248' title='bbox 365 2964 437 3030; x_wconf 88' lang='lat' dir='ltr'>dem</span> <span class='ocrx_word' id='word_1_249' title='bbox 462 2961 692 3045; x_wconf 86' lang='lat' dir='ltr'>Abreisenden,</span> <span class='ocrx_word' id='word_1_250' title='bbox 722 2965 835 3032; x_wconf 88' lang='lat' dir='ltr'>lrehrte</span> <span class='ocrx_word' id='word_1_251' title='bbox 863 2986 897 3032; x_wconf 90' lang='lat' dir='ltr'>er</span> <span class='ocrx_word' id='word_1_252' title='bbox 924 2965 991 3032; x_wconf 85' lang='lat' dir='ltr'>sielr</span> <span class='ocrx_word' id='word_1_253' title='bbox 1016 2985 1079 3046; x_wconf 90' lang='lat' dir='ltr'>mn,</span> <span class='ocrx_word' id='word_1_254' title='bbox 1110 2983 1145 3030; x_wconf 92' lang='lat' dir='ltr'>so</span> <span class='ocrx_word' id='word_1_255' title='bbox 1169 2963 1278 3030; x_wconf 87' lang='lat' dir='ltr'>wiirde</span> <span class='ocrx_word' id='word_1_256' title='bbox 1302 2985 1337 3032; x_wconf 91' lang='lat' dir='ltr'>er</span> <span class='ocrx_word' id='word_1_257' title='bbox 1361 2967 1408 3030; x_wconf 90' lang='lat' dir='ltr'>sie</span> 
     </span>
     <span class='ocr_line' id='line_1_30' title="bbox 230 3054 1406 3140; baseline 0.003 -22"><span class='ocrx_word' id='word_1_258' title='bbox 230 3054 404 3121; x_wconf 85' lang='lat' dir='ltr'>erblioken.</span> <span class='ocrx_word' id='word_1_259' title='bbox 456 3055 602 3121; x_wconf 78' lang='lat' dir='ltr'>Proiecto</span> <span class='ocrx_word' id='word_1_260' title='bbox 637 3062 669 3121; x_wconf 91' lang='lat' dir='ltr'>et</span> <span class='ocrx_word' id='word_1_261' title='bbox 702 3056 736 3120; x_wconf 92' lang='lat' dir='ltr'>in</span> <span class='ocrx_word' id='word_1_262' title='bbox 771 3054 831 3122; x_wconf 90' lang='lat' dir='ltr'>hoo</span> <span class='ocrx_word' id='word_1_263' title='bbox 866 3054 1010 3140; x_wconf 91' lang='lat' dir='ltr'>symbolo</span> <span class='ocrx_word' id='word_1_264' title='bbox 1042 3062 1074 3120; x_wconf 89' lang='lat' dir='ltr'>et</span> <span class='ocrx_word' id='word_1_265' title='bbox 1102 3055 1135 3119; x_wconf 92' lang='lat' dir='ltr'>in</span> <span class='ocrx_word' id='word_1_266' title='bbox 1163 3054 1322 3121; x_wconf 90' lang='lat' dir='ltr'>Hesiodeo</span> <span class='ocrx_word' id='word_1_267' title='bbox 1351 3055 1406 3121; x_wconf 89' lang='lat' dir='ltr'>illo</span> 
     </span>
     <span class='ocr_line' id='line_1_31' title="bbox 230 3143 1406 3227; baseline 0.002 -19"><span class='ocrx_word' id='word_1_268' title='bbox 230 3143 345 3210; x_wconf 84' lang='lat' dir='ltr'>Furiae</span> <span class='ocrx_word' id='word_1_269' title='bbox 374 3144 512 3211; x_wconf 91' lang='lat' dir='ltr'>nondum</span> <span class='ocrx_word' id='word_1_270' title='bbox 537 3145 595 3210; x_wconf 88' lang='lat' dir='ltr'>illa</span> <span class='ocrx_word' id='word_1_271' title='bbox 619 3145 748 3210; x_wconf 89' lang='lat' dir='ltr'>numina</span> <span class='ocrx_word' id='word_1_272' title='bbox 772 3147 925 3210; x_wconf 91' lang='lat' dir='ltr'>soelerum</span> <span class='ocrx_word' id='word_1_273' title='bbox 950 3143 1138 3210; x_wconf 83' lang='lat' dir='ltr'>uleisoentia</span> <span class='ocrx_word' id='word_1_274' title='bbox 1162 3152 1245 3224; x_wconf 87' lang='lat' dir='ltr'>sunt,</span> <span class='ocrx_word' id='word_1_275' title='bbox 1275 3165 1406 3227; x_wconf 89' lang='lat' dir='ltr'>quorum</span> 
     </span>
     <span class='ocr_line' id='line_1_32' title="bbox 229 3233 1404 3319; baseline 0 -21"><span class='ocrx_word' id='word_1_276' title='bbox 229 3254 357 3299; x_wconf 92' lang='lat' dir='ltr'>munere</span> <span class='ocrx_word' id='word_1_277' title='bbox 373 3241 487 3319; x_wconf 87' lang='lat' dir='ltr'>postea</span> <span class='ocrx_word' id='word_1_278' title='bbox 502 3236 683 3317; x_wconf 83' lang='lat' dir='ltr'>funguntur,</span> <span class='ocrx_word' id='word_1_279' title='bbox 701 3235 759 3300; x_wconf 89' lang='lat' dir='ltr'>sed</span> <span class='ocrx_word' id='word_1_280' title='bbox 775 3234 946 3302; x_wconf 87' lang='lat' dir='ltr'>daemones</span> <span class='ocrx_word' id='word_1_281' title='bbox 963 3234 1078 3298; x_wconf 85' lang='lat' dir='ltr'>inferni</span> <span class='ocrx_word' id='word_1_282' title='bbox 1094 3234 1258 3313; x_wconf 80' lang='lat' dir='ltr'>sanguinis</span> <span class='ocrx_word' id='word_1_283' title='bbox 1276 3233 1404 3299; x_wconf 91' lang='lat' dir='ltr'>humani</span> 
     </span>
     <span class='ocr_line' id='line_1_33' title="bbox 231 3322 1406 3408; baseline 0.003 -22"><span class='ocrx_word' id='word_1_284' title='bbox 231 3322 320 3387; x_wconf 88' lang='lat' dir='ltr'>avidi</span> <span class='ocrx_word' id='word_1_285' title='bbox 345 3323 548 3404; x_wconf 86' lang='lat' dir='ltr'>hominesque</span> <span class='ocrx_word' id='word_1_286' title='bbox 572 3343 698 3407; x_wconf 88' lang='lat' dir='ltr'>semper</span> <span class='ocrx_word' id='word_1_287' title='bbox 721 3334 958 3408; x_wconf 69' lang='lat' dir='ltr'>persequentes</span> <span class='ocrx_word' id='word_1_288' title='bbox 998 3322 1031 3387; x_wconf 88' lang='lat' dir='ltr'>Si</span> <span class='ocrx_word' id='word_1_289' title='bbox 1056 3322 1126 3405; x_wconf 88' lang='lat' dir='ltr'>quis</span> <span class='ocrx_word' id='word_1_290' title='bbox 1151 3324 1323 3408; x_wconf 81' lang='lat' dir='ltr'>respitiens</span> <span class='ocrx_word' id='word_1_291' title='bbox 1346 3323 1406 3390; x_wconf 88' lang='lat' dir='ltr'>has</span> 
     </span>
     <span class='ocr_line' id='line_1_34' title="bbox 229 3409 1406 3497; baseline 0.005 -25"><span class='ocrx_word' id='word_1_292' title='bbox 229 3409 316 3475; x_wconf 86' lang='lat' dir='ltr'>diras</span> <span class='ocrx_word' id='word_1_293' title='bbox 337 3410 416 3476; x_wconf 89' lang='lat' dir='ltr'>deas</span> <span class='ocrx_word' id='word_1_294' title='bbox 440 3411 653 3496; x_wconf 80' lang='lat' dir='ltr'>conspexerit,</span> <span class='ocrx_word' id='word_1_295' title='bbox 676 3411 711 3475; x_wconf 91' lang='lat' dir='ltr'>in</span> <span class='ocrx_word' id='word_1_296' title='bbox 735 3415 905 3477; x_wconf 83' lang='lat' dir='ltr'>maximum</span> <span class='ocrx_word' id='word_1_297' title='bbox 930 3410 1054 3477; x_wconf 89' lang='lat' dir='ltr'>ineidat</span> <span class='ocrx_word' id='word_1_298' title='bbox 1077 3412 1252 3497; x_wconf 89' lang='lat' dir='ltr'>perieulum</span> <span class='ocrx_word' id='word_1_299' title='bbox 1277 3431 1406 3478; x_wconf 83' lang='lat' dir='ltr'>neeesse</span> 
     </span>
     <span class='ocr_line' id='line_1_35' title="bbox 232 3498 1405 3582; baseline 0 -17"><span class='ocrx_word' id='word_1_300' title='bbox 232 3505 290 3565; x_wconf 91' lang='lat' dir='ltr'>est.</span> <span class='ocrx_word' id='word_1_301' title='bbox 316 3498 413 3563; x_wconf 90' lang='lat' dir='ltr'>Velut</span> <span class='ocrx_word' id='word_1_302' title='bbox 423 3501 456 3563; x_wconf 87' lang='lat' dir='ltr'>in</span> <span class='ocrx_word' id='word_1_303' title='bbox 470 3499 591 3564; x_wconf 88' lang='lat' dir='ltr'>fabella</span> <span class='ocrx_word' id='word_1_304' title='bbox 603 3498 741 3580; x_wconf 89' lang='lat' dir='ltr'>quadam</span> <span class='ocrx_word' id='word_1_305' title='bbox 756 3500 946 3565; x_wconf 86' lang='lat' dir='ltr'>Graecorum</span> <span class='ocrx_word' id='word_1_306' title='bbox 960 3502 1168 3565; x_wconf 80' lang='lat' dir='ltr'>recentiorum</span> <span class='ocrx_word' id='word_1_307' title='bbox 1183 3498 1235 3579; x_wconf 89' lang='lat' dir='ltr'>(B.</span> <span class='ocrx_word' id='word_1_308' title='bbox 1249 3499 1405 3582; x_wconf 78' lang='lat' dir='ltr'>Schmidt,</span> 
     </span>
     <span class='ocr_line' id='line_1_36' title="bbox 231 3587 1404 3671; baseline -0.001 -18"><span class='ocrx_word' id='word_1_309' title='bbox 231 3587 284 3653; x_wconf 87' lang='lat' dir='ltr'>Gr.</span> <span class='ocrx_word' id='word_1_310' title='bbox 309 3587 461 3654; x_wconf 73' lang='lat' dir='ltr'>Marohen</span> <span class='ocrx_word' id='word_1_311' title='bbox 487 3596 547 3654; x_wconf 89' lang='lat' dir='ltr'>eto.</span> <span class='ocrx_word' id='word_1_312' title='bbox 571 3609 602 3671; x_wconf 92' lang='lat' dir='ltr'>p.</span> <span class='ocrx_word' id='word_1_313' title='bbox 632 3587 707 3666; x_wconf 88' lang='lat'>106)</span> <span class='ocrx_word' id='word_1_314' title='bbox 732 3587 824 3655; x_wconf 89' lang='lat' dir='ltr'>huius</span> <span class='ocrx_word' id='word_1_315' title='bbox 848 3589 1083 3671; x_wconf 87' lang='lat' dir='ltr'>superstitionis</span> <span class='ocrx_word' id='word_1_316' title='bbox 1099 3588 1267 3669; x_wconf 86' lang='lat' dir='ltr'>vestigium</span> <span class='ocrx_word' id='word_1_317' title='bbox 1283 3595 1404 3655; x_wconf 79' lang='lat' dir='ltr'>exstat:</span> 
     </span>
     <span class='ocr_line' id='line_1_37' title="bbox 230 3676 1405 3763; baseline 0 -20"><span class='ocrx_word' id='word_1_318' title='bbox 230 3676 286 3763; x_wconf 84' lang='lat' dir='ltr'>,In</span> <span class='ocrx_word' id='word_1_319' title='bbox 311 3677 394 3744; x_wconf 87' lang='lat' dir='ltr'>hano</span> <span class='ocrx_word' id='word_1_320' title='bbox 409 3678 514 3743; x_wconf 89' lang='lat' dir='ltr'>aulam</span> <span class='ocrx_word' id='word_1_321' title='bbox 535 3678 594 3744; x_wconf 90' lang='lat' dir='ltr'>tibi</span> <span class='ocrx_word' id='word_1_322' title='bbox 610 3676 819 3744; x_wconf 80' lang='lat' dir='ltr'>incedendum</span> <span class='ocrx_word' id='word_1_323' title='bbox 837 3686 898 3759; x_wconf 89' lang='lat' dir='ltr'>est;</span> <span class='ocrx_word' id='word_1_324' title='bbox 922 3676 980 3743; x_wconf 91' lang='lat' dir='ltr'>sed</span> <span class='ocrx_word' id='word_1_325' title='bbox 997 3677 1163 3758; x_wconf 90' lang='lat' dir='ltr'>strepitum</span> <span class='ocrx_word' id='word_1_326' title='bbox 1181 3676 1405 3743; x_wconf 89' lang='lat' dir='ltr'>humanarum·</span> 
     </span>
     <span class='ocr_line' id='line_1_38' title="bbox 228 3765 1404 3850; baseline 0.002 -18"><span class='ocrx_word' id='word_1_327' title='bbox 228 3789 288 3850; x_wconf 89' lang='lat' dir='ltr'>que</span> <span class='ocrx_word' id='word_1_328' title='bbox 315 3787 425 3834; x_wconf 89' lang='lat' dir='ltr'>voeum</span> <span class='ocrx_word' id='word_1_329' title='bbox 461 3768 631 3834; x_wconf 87' lang='lat' dir='ltr'>elamorern</span> <span class='ocrx_word' id='word_1_330' title='bbox 659 3765 781 3833; x_wconf 88' lang='lat' dir='ltr'>audies.</span> <span class='ocrx_word' id='word_1_331' title='bbox 835 3767 899 3835; x_wconf 87' lang='lat' dir='ltr'>Sed</span> <span class='ocrx_word' id='word_1_332' title='bbox 927 3774 962 3833; x_wconf 92' lang='lat' dir='ltr'>tu</span> <span class='ocrx_word' id='word_1_333' title='bbox 990 3786 1030 3831; x_wconf 92' lang='lat' dir='ltr'>ue</span> <span class='ocrx_word' id='word_1_334' title='bbox 1056 3765 1123 3831; x_wconf 90' lang='lat' dir='ltr'>illis</span> <span class='ocrx_word' id='word_1_335' title='bbox 1153 3765 1294 3834; x_wconf 89' lang='lat' dir='ltr'>eoufidas</span> <span class='ocrx_word' id='word_1_336' title='bbox 1323 3788 1404 3834; x_wconf 86' lang='lat' dir='ltr'>nere</span> 
     </span>
     <span class='ocr_line' id='line_1_39' title="bbox 229 3850 1403 3944; baseline 0.002 -22"><span class='ocrx_word' id='word_1_337' title='bbox 229 3857 445 3944; x_wconf 79' lang='lat' dir='ltr'>retrospicias,</span> <span class='ocrx_word' id='word_1_338' title='bbox 469 3857 516 3922; x_wconf 94' lang='lat' dir='ltr'>illi</span> <span class='ocrx_word' id='word_1_339' title='bbox 543 3858 626 3923; x_wconf 92' lang='lat' dir='ltr'>enirn</span> <span class='ocrx_word' id='word_1_340' title='bbox 652 3855 824 3925; x_wconf 90' lang='lat' dir='ltr'>daemones</span> <span class='ocrx_word' id='word_1_341' title='bbox 848 3850 1035 3939; x_wconf 79' lang='grc' dir='ltr'><strong><em>(δαιμόνια)</em></strong></span> <span class='ocrx_word' id='word_1_342' title='bbox 1053 3863 1136 3938; x_wconf 86' lang='lat' dir='ltr'>sunt,</span> <span class='ocrx_word' id='word_1_343' title='bbox 1159 3863 1191 3923; x_wconf 91' lang='lat' dir='ltr'>et</span> <span class='ocrx_word' id='word_1_344' title='bbox 1210 3877 1280 3922; x_wconf 89' lang='lat' dir='ltr'>eum</span> <span class='ocrx_word' id='word_1_345' title='bbox 1295 3857 1403 3924; x_wconf 88' lang='lat' dir='ltr'>oeulos</span> 
     </span>
     <span class='ocr_line' id='line_1_40' title="bbox 228 3943 1402 4032; baseline -0.002 -18"><span class='ocrx_word' id='word_1_346' title='bbox 228 3947 394 4014; x_wconf 90' lang='lat' dir='ltr'>retorseris</span> <span class='ocrx_word' id='word_1_347' title='bbox 411 3948 444 4012; x_wconf 94' lang='lat' dir='ltr'>in</span> <span class='ocrx_word' id='word_1_348' title='bbox 462 3946 604 4032; x_wconf 89' lang='lat' dir='ltr'>lapidem</span> <span class='ocrx_word' id='word_1_349' title='bbox 622 3948 879 4015; x_wconf 88' lang='lat' dir='ltr'>eommutaberis.</span> <span class='ocrx_word' id='word_1_350' title='bbox 919 3946 957 4012; x_wconf 87' lang='lat' dir='ltr'>of.</span> <span class='ocrx_word' id='word_1_351' title='bbox 975 3943 1169 4012; x_wconf 86' lang='lat' dir='ltr'>Judaeomm</span> <span class='ocrx_word' id='word_1_352' title='bbox 1187 3949 1402 4014; x_wconf 86' lang='lat' dir='ltr'>narrationem</span> 
     </span>
     <span class='ocr_line' id='line_1_41' title="bbox 228 4034 1401 4119; baseline 0.001 -19"><span class='ocrx_word' id='word_1_353' title='bbox 228 4037 269 4104; x_wconf 88' lang='lat' dir='ltr'>de</span> <span class='ocrx_word' id='word_1_354' title='bbox 304 4037 436 4102; x_wconf 86' lang='lat' dir='ltr'>muliere</span> <span class='ocrx_word' id='word_1_355' title='bbox 463 4037 533 4116; x_wconf 89' lang='lat' dir='ltr'>Lot,</span> <span class='ocrx_word' id='word_1_356' title='bbox 569 4055 651 4119; x_wconf 87' lang='lat' dir='ltr'>quae</span> <span class='ocrx_word' id='word_1_357' title='bbox 682 4035 799 4101; x_wconf 86' lang='lat' dir='ltr'>Sodom</span> <span class='ocrx_word' id='word_1_358' title='bbox 835 4045 867 4102; x_wconf 91' lang='lat' dir='ltr'>et</span> <span class='ocrx_word' id='word_1_359' title='bbox 896 4034 1073 4103; x_wconf 87' lang='lat' dir='ltr'>Gomorrha</span> <span class='ocrx_word' id='word_1_360' title='bbox 1107 4035 1203 4102; x_wconf 86' lang='lat' dir='ltr'>urbes</span> <span class='ocrx_word' id='word_1_361' title='bbox 1237 4036 1312 4102; x_wconf 91' lang='lat' dir='ltr'>odio</span> <span class='ocrx_word' id='word_1_362' title='bbox 1340 4037 1401 4102; x_wconf 92' lang='lat' dir='ltr'>Dei</span> 
     </span>
     <span class='ocr_line' id='line_1_42' title="bbox 226 4124 1399 4208; baseline -0.001 -17"><span class='ocrx_word' id='word_1_363' title='bbox 226 4128 372 4194; x_wconf 84' lang='lat' dir='ltr'>incensas</span> <span class='ocrx_word' id='word_1_364' title='bbox 408 4127 580 4208; x_wconf 83' lang='lat' dir='ltr'>respiciens</span> <span class='ocrx_word' id='word_1_365' title='bbox 603 4127 636 4191; x_wconf 92' lang='lat' dir='ltr'>in</span> <span class='ocrx_word' id='word_1_366' title='bbox 665 4126 743 4191; x_wconf 90' lang='lat' dir='ltr'>salis</span> <span class='ocrx_word' id='word_1_367' title='bbox 768 4126 947 4192; x_wconf 82' lang='lat' dir='ltr'>columnam</span> <span class='ocrx_word' id='word_1_368' title='bbox 970 4125 1166 4207; x_wconf 84' lang='lat' dir='ltr'>immutatur,</span> <span class='ocrx_word' id='word_1_369' title='bbox 1190 4124 1321 4208; x_wconf 87' lang='lat' dir='ltr'>(Genes.</span> <span class='ocrx_word' id='word_1_370' title='bbox 1350 4130 1399 4194; x_wconf 87' lang='lat'>19.</span> 
     </span>
     <span class='ocr_line' id='line_1_43' title="bbox 231 4213 955 4298; baseline -0.001 -20"><span class='ocrx_word' id='word_1_371' title='bbox 231 4220 278 4281; x_wconf 87' lang='lat'>17.</span> <span class='ocrx_word' id='word_1_372' title='bbox 294 4213 374 4298; x_wconf 87' lang='lat'>26.),</span> <span class='ocrx_word' id='word_1_373' title='bbox 398 4224 430 4283; x_wconf 93' lang='lat' dir='ltr'>et</span> <span class='ocrx_word' id='word_1_374' title='bbox 454 4216 596 4283; x_wconf 82' lang='lat' dir='ltr'>Gnosium</span> <span class='ocrx_word' id='word_1_375' title='bbox 623 4214 681 4280; x_wconf 87' lang='lat' dir='ltr'>Rh.</span> <span class='ocrx_word' id='word_1_376' title='bbox 708 4215 787 4282; x_wconf 86' lang='lat' dir='ltr'>Mus</span> <span class='ocrx_word' id='word_1_377' title='bbox 813 4219 865 4283; x_wconf 84' lang='lat'>39.</span> <span class='ocrx_word' id='word_1_378' title='bbox 884 4213 955 4278; x_wconf 82' lang='lat'>165.</span> 
     </span>
    </p>

    <p class='ocr_par' dir='ltr' id='par_1_6' title="bbox 225 4298 1400 4658">
     <span class='ocr_line' id='line_1_44' title="bbox 314 4298 1398 4388; baseline 0 -19"><span class='ocrx_word' id='word_1_379' title='bbox 314 4303 404 4382; x_wconf 81' lang='lat' dir='ltr'>Quod</span> <span class='ocrx_word' id='word_1_380' title='bbox 428 4306 560 4373; x_wconf 87' lang='lat' dir='ltr'>additur</span> <span class='ocrx_word' id='word_1_381' title='bbox 574 4300 633 4366; x_wconf 78' lang='grc' dir='ltr'>ἐπὶ</span> <span class='ocrx_word' id='word_1_382' title='bbox 650 4304 722 4378; x_wconf 79' lang='grc' dir='ltr'><strong><em>τοῖς</em></strong></span> <span class='ocrx_word' id='word_1_383' title='bbox 738 4298 831 4388; x_wconf 81' lang='grc' dir='ltr'><strong><em>ὅροις</em></strong></span> <span class='ocrx_word' id='word_1_384' title='bbox 847 4324 909 4371; x_wconf 91' lang='lat' dir='ltr'>non</span> <span class='ocrx_word' id='word_1_385' title='bbox 926 4305 995 4371; x_wconf 92' lang='lat' dir='ltr'>sine</span> <span class='ocrx_word' id='word_1_386' title='bbox 1011 4323 1108 4370; x_wconf 86' lang='lat' dir='ltr'>eausa</span> <span class='ocrx_word' id='word_1_387' title='bbox 1123 4305 1168 4370; x_wconf 88' lang='lat' dir='ltr'>fit.</span> <span class='ocrx_word' id='word_1_388' title='bbox 1195 4304 1292 4371; x_wconf 90' lang='lat' dir='ltr'>Fines</span> <span class='ocrx_word' id='word_1_389' title='bbox 1315 4305 1398 4370; x_wconf 91' lang='lat' dir='ltr'>enim</span> 
     </span>
     <span class='ocr_line' id='line_1_45' title="bbox 227 4393 1399 4481; baseline 0 -23"><span class='ocrx_word' id='word_1_390' title='bbox 227 4399 259 4458; x_wconf 93' lang='lat' dir='ltr'>et</span> <span class='ocrx_word' id='word_1_391' title='bbox 281 4394 343 4459; x_wconf 83' lang='lat' dir='ltr'>viti</span> <span class='ocrx_word' id='word_1_392' title='bbox 368 4403 400 4460; x_wconf 89' lang='lat' dir='ltr'>et</span> <span class='ocrx_word' id='word_1_393' title='bbox 424 4397 552 4481; x_wconf 88' lang='lat' dir='ltr'>praedii</span> <span class='ocrx_word' id='word_1_394' title='bbox 577 4398 625 4462; x_wconf 91' lang='lat' dir='ltr'>ita</span> <span class='ocrx_word' id='word_1_395' title='bbox 646 4401 683 4458; x_wconf 91' lang='lat' dir='ltr'>ut</span> <span class='ocrx_word' id='word_1_396' title='bbox 706 4394 801 4458; x_wconf 88' lang='lat' dir='ltr'>limen</span> <span class='ocrx_word' id='word_1_397' title='bbox 827 4393 939 4460; x_wconf 89' lang='lat' dir='ltr'>domus</span> <span class='ocrx_word' id='word_1_398' title='bbox 963 4395 996 4458; x_wconf 92' lang='lat' dir='ltr'>in</span> <span class='ocrx_word' id='word_1_399' title='bbox 1019 4395 1244 4478; x_wconf 90' lang='lat' dir='ltr'>superstitione</span> <span class='ocrx_word' id='word_1_400' title='bbox 1268 4394 1399 4459; x_wconf 91' lang='lat' dir='ltr'>multum</span> 
     </span>
     <span class='ocr_line' id='line_1_46' title="bbox 226 4482 1400 4570; baseline 0.002 -24"><span class='ocrx_word' id='word_1_401' title='bbox 226 4482 344 4564; x_wconf 89' lang='lat' dir='ltr'>valent,</span> <span class='ocrx_word' id='word_1_402' title='bbox 380 4483 429 4549; x_wconf 92' lang='lat' dir='ltr'>his</span> <span class='ocrx_word' id='word_1_403' title='bbox 463 4486 542 4552; x_wconf 87' lang='lat' dir='ltr'>loeis</span> <span class='ocrx_word' id='word_1_404' title='bbox 571 4489 715 4567; x_wconf 89' lang='lat' dir='ltr'>potestas</span> <span class='ocrx_word' id='word_1_405' title='bbox 746 4482 937 4550; x_wconf 91' lang='lat' dir='ltr'>daemonum</span> <span class='ocrx_word' id='word_1_406' title='bbox 964 4495 1095 4570; x_wconf 87' lang='lat' dir='ltr'>praeter</span> <span class='ocrx_word' id='word_1_407' title='bbox 1122 4492 1230 4550; x_wconf 91' lang='lat' dir='ltr'>oetera</span> <span class='ocrx_word' id='word_1_408' title='bbox 1259 4485 1400 4549; x_wconf 87' lang='lat' dir='ltr'>maxima</span> 
     </span>
     <span class='ocr_line' id='line_1_47' title="bbox 225 4571 1399 4658; baseline 0.003 -22"><span class='ocrx_word' id='word_1_409' title='bbox 225 4594 294 4636; x_wconf 82' lang='lat' dir='ltr'>osso</span> <span class='ocrx_word' id='word_1_410' title='bbox 317 4580 457 4656; x_wconf 88' lang='lat' dir='ltr'>putatur,</span> <span class='ocrx_word' id='word_1_411' title='bbox 482 4575 520 4639; x_wconf 85' lang='lat' dir='ltr'>ol.</span> <span class='ocrx_word' id='word_1_412' title='bbox 545 4575 665 4640; x_wconf 83' lang='lat' dir='ltr'>Colum.</span> <span class='ocrx_word' id='word_1_413' title='bbox 690 4576 737 4637; x_wconf 92' lang='lat'>10.</span> <span class='ocrx_word' id='word_1_414' title='bbox 752 4575 826 4638; x_wconf 83' lang='lat'>345.</span> <span class='ocrx_word' id='word_1_415' title='bbox 868 4571 949 4639; x_wconf 86' lang='lat' dir='ltr'>Plio.</span> <span class='ocrx_word' id='word_1_416' title='bbox 968 4576 1018 4638; x_wconf 83' lang='lat'>28.</span> <span class='ocrx_word' id='word_1_417' title='bbox 1033 4577 1086 4639; x_wconf 84' lang='lat'>48.</span> <span class='ocrx_word' id='word_1_418' title='bbox 1126 4574 1225 4639; x_wconf 90' lang='lat' dir='ltr'>Huius</span> <span class='ocrx_word' id='word_1_419' title='bbox 1241 4574 1399 4658; x_wconf 87' lang='lat' dir='ltr'>opinionis</span> 
     </span>
    </p>
   </div>
   <div class='ocr_carea' id='block_1_5' title="bbox 0 0 1638 5050">
    <p class='ocr_par' dir='ltr' id='par_1_7' title="bbox 0 0 1638 5050">
     <span class='ocr_line' id='line_1_48' title="bbox 0 0 1638 5050; baseline 0 5"><span class='ocrx_word' id='word_1_420' title='bbox 0 0 1638 5050; x_wconf 95' lang='lat' dir='ltr'> </span> 
     </span>
    </p>
   </div>
  </div>
 </body>
</html>
