3268 5050
1434 256 1454 321 7

277 478 376 542 opera
399 461 516 523 laetum
543 464 601 540 111,
624 464 660 523 11
684 456 780 524 11111
804 477 896 523 nemo
919 457 984 523 iam
1010 457 1068 522 illa
1094 457 1217 522 ratione
1232 456 1278 522 uti
1295 455 1453 522 videatur.

278 546 418 613 Rohdius
442 547 526 612 enim
550 547 726 613 identidem
752 545 835 614 1Ρ1.2
861 548 984 626 12413,
1009 549 1100 622 245¹,
1125 548 1226 627 285²,
1254 546 1342 628 126¹,
1367 545 1453 611 164¹.

278 637 326 700 lll.
352 636 441 702 Schr.
467 639 497 716 2,
526 640 596 705 109.
638 636 715 718 139)
753 635 989 702 demonstravit
1025 634 1084 701 illa
1119 641 1295 721 praecepta
1330 642 1453 701 tantum

277 726 390 792 abesse
414 746 434 792 1
457 727 575 793 virtute
591 726 728 807 occulta,
752 733 788 792 ut
804 746 843 789 ex
859 724 1083 809 antiquissima
1100 724 1209 811 populi
1229 725 1456 809 superstitione

276 817 384 882 ornnia
415 817 480 881 fere
504 823 602 881 enata
625 817 701 898 sint,
732 814 828 899 idque
851 825 884 880 et
909 815 1104 882 Graecorum
1130 823 1162 881 et
1184 814 1399 880 Romanorum
1423 821 1456 880 et

276 907 412 971 aliarum
447 906 589 988 gentium
626 905 784 992 exemplis
820 903 1030 970 confirmauit.
1077 903 1146 969 Hao
1181 904 1240 990 via,
1263 902 1454 985 ingredienti

278 1015 473 1081 magnopere
498 1002 547 1062 est
571 994 742 1061 dolendum
767 1014 826 1080 per
850 992 990 1061 Graecos
1004 993 1103 1081 ipsos
1120 992 1160 1060 de
1177 992 1455 1080 superstitionibus

276 1085 342 1150 suis
370 1104 533 1169 perpauca
560 1104 630 1152 esse
660 1083 781 1151 tradita
812 1104 924 1168 eaque,
968 1104 1051 1168 quae
1079 1089 1218 1164 exstant,
1255 1104 1295 1150 ex
1319 1083 1455 1149 cuiusvis

276 1175 402 1252 generis
438 1175 566 1259 scriptis
600 1194 722 1241 summo
750 1167 862 1240 labore
890 1171 1072 1252 colligenda
1111 1191 1193 1252 esse,
1228 1174 1277 1239 ita
1317 1179 1352 1238 ut
1386 1172 1454 1238 lieri

277 1283 339 1329 nou
356 1264 468 1349 possit,
492 1266 544 1349 qui
560 1264 702 1330 ninsoius
720 1264 831 1344 multa,
856 1283 939 1346 quae
956 1262 1094 1328 fortasse
1113 1260 1155 1326 ad
1173 1262 1207 1328 11
1224 1261 1309 1346 quod
1327 1268 1456 1347 spectat

279 1354 390 1418 summi
415 1355 566 1419 momenti
590 1360 673 1435 sunt,
697 1355 949 1440 praetermittat.
975 1349 1056 1416 Nam
1073 1372 1175 1435 neque
1192 1351 1329 1418 historia
1344 1371 1455 1436 super-

279 1442 417 1509 stitionis
446 1443 608 1527 antiquae,
645 1464 686 1510 ex
716 1463 778 1530 qua
807 1442 972 1507 commode
995 1441 1123 1508 haurire
1148 1442 1315 1526 possimus,
1351 1440 1456 1506 adhue

277 1533 458 1617 conscripta
496 1540 545 1599 est
580 1553 684 1617 neque
719 1554 770 1615 11,
805 1551 887 1616 quae
924 1530 1068 1597 Riessius
1100 1529 1338 1618 (Pauly-Wiss.
1374 1551 1399 1596 s.
1427 1551 1454 1594 v.

278 1619 541 1703 ,Aberglaube“)
566 1622 616 1688 vel
640 1622 781 1688 Krollius
805 1621 980 1704 („Antiker
1005 1617 1241 1702 Aberglaube“.
1290 1619 1455 1702 Hamburg

279 1714 376 1784 1897)
401 1711 609 1794 collegerunt,
635 1711 802 1779 sufficiunt.

366 1801 401 1866 Si
425 1820 552 1886 semper
576 1801 717 1885 antiquis
741 1808 864 1867 lantum
889 1801 1019 1884 seriptis
1037 1799 1078 1864 ad
1096 1799 1243 1887 symbola
1260 1797 1455 1883 explicanda

275 1889 321 1952 uti
347 1889 422 1954 mibi
448 1891 698 1974 proposuissem,
724 1887 962 1976 desperandum
988 1889 1114 1971 111111
1139 1887 1454 1956 multisonimeasui

278 1975 422 2060 debetur,
458 1976 543 2064 quod
566 1977 625 2044 illa
649 1980 775 2046 ratione
800 1979 892 2045 huius
918 1977 968 2043 vel
991 1979 1078 2045 illius
1101 1977 1238 2065 symboli
1262 1996 1373 2044 sensus
1398 1997 1455 2042 ex·

278 2065 424 2151 plicetur.
471 2067 585 2153 Itaque
621 2070 811 2155 saepissime
846 2067 911 2133 alio
947 2068 1191 2151 confugiendum
1225 2075 1305 2134 erat.
1353 2069 1456 2152 Atque

278 2157 413 2241 primum
451 2157 579 2241 quidem
614 2159 769 2226 nonnulla
798 2158 917 2246 profeci
950 2157 1041 2224 libris
1071 2157 1262 2244 quibusdam
1294 2156 1455 2243 perlectis,

276 2246 329 2330 qui
354 2255 386 2312 et
406 2267 426 2312 a
443 2248 577 2315 Graecis
600 2257 632 2315 et
653 2248 860 2317 aGrrmanis
878 2247 1004 2314 devita
1027 2254 1123 2333 atque
1148 2248 1287 2315 moribus
1312 2246 1454 2313 Graeco-

277 2356 342 2400 rum
359 2338 571 2403 recentiorum
589 2340 763 2426 conscripti
782 2347 866 2406 sunt.
913 2335 997 2403 Nam
1016 2337 1067 2404 bio
1084 2358 1208 2424 quoque
1223 2356 1455 2422 saepenumero

275 2427 423 2506 cognosci
455 2434 571 2512 potest,
608 2436 731 2512 quanta
759 2426 945 2514 pervicacia
969 2427 1138 2512 opiniones
1162 2425 1319 2512 quaedam
1344 2447 1454 2512 super-

276 2515 423 2582 stitiosae
452 2517 495 2582 ab
519 2517 751 2601 antiquissimis
777 2517 937 2585 Graeciae
962 2518 1158 2602 temporibus
1181 2537 1280 2601 usque
1304 2515 1346 2581 11
1372 2515 1455 2582 huno

277 2603 363 2669 diem
392 2607 637 2691 permanserint.
687 2607 783 2672 01111
814 2606 899 2672 modi
931 2605 1086 2690 reliquias
1110 2612 1262 2671 nontam
1287 2625 1327 2670 ex
1353 2603 1455 2671 Grae-

277 2714 384 2759 corum
415 2694 614 2800 (prilalris,
645 2693 837 2775 Neugriech.
864 2695 981 2762 Leben.
1032 2695 1141 2760 Berlin
1169 2696 1264 2759 1840.
1316 2688 1456 2778 Πολίτης

276 2778 394 2867 μελέτη
418 2777 474 2844 ἐπι
500 2785 560 2844 τοῦ
580 2779 659 2863 βίου
685 2787 751 2846 curio
778 2781 944 2870 νεωτέρων
971 2777 1139 2870 Ἑλλήνων,
1167 2777 1306 2866 Ἀθῆναι
1343 2785 1454 2866 1875),

277 2873 329 2957 qui
354 2873 433 2940 satis
457 2893 562 2958 pauca
585 2873 750 2957 praebent,
776 2896 870 2960 quam
895 2896 935 2942 ex
952 2873 1184 2941 Germanorum
1201 2872 1294 2938 libris
1312 2873 1455 2953 cognovi,

275 2984 344 3028 oum
375 2984 417 3029 ex
446 2963 484 3030 O.
513 2962 747 3032 Waobsmutbii
780 2965 868 3047 ,Das
899 2965 965 3032 alte
991 2961 1230 3030 Griechenland
1259 2963 1301 3027 im
1331 2963 1452 3029 11111ιι

276 3063 340 3118 tum
372 3073 413 3118 ex
437 3053 472 3118 B.
498 3054 666 3121 Schmidtii
695 3054 787 3121 libris
813 3054 1028 3139 ,Volksloben
1060 3055 1119 3120 der
1145 3049 1336 3134 Grieehent,
1365 3053 1455 3117 cuiue

275 3142 381 3229 operis
406 3144 548 3228 priorem
573 3151 696 3212 tentum
715 3152 842 3230 partem
859 3144 980 3230 publici
998 3146 1076 3210 iuris
1094 3145 1216 3210 laetum
1234 3161 1304 3209 esse
1321 3142 1454 3222 maxim,

277 3230 449 3386 doleuhdurqr
478 3244 538 3317 est,
570 3241 603 3300 et
628 3233 814 3319 ,Marchem
838 3235 944 3317 Sagen
969 3234 1035 3300 und
1060 3232 1265 3301 Volkslieder
1289 3231 1346 3297 der
1371 3229 1455 3298 Neu·

276 3342 362 3406 gneo
386 3343 456 3387 eu.

367 3409 493 3476 Deinde
528 3432 597 3476 oum
636 3410 771 3478 aliarum
802 3434 926 3498 quoque
959 3412 1110 3499 Europae
1134 3412 1275 3499 gentium
1307 3412 1453 3497 inprimis

278 3501 507 3567 Germanorum
533 3519 631 3585 saepe
656 3502 770 3566 mimm
795 3503 827 3566 in
853 3502 979 3568 modum
1006 3503 1212 3569 consentiant
1228 3522 1296 3566 oum
1315 3500 1456 3568 Graeco-

277 3611 358 3669 rum,
383 3587 459 3653 mibi
476 3590 671 3670 gravissima
695 3610 838 3674 quaeque
861 3591 1062 3673 neglegenda
1086 3611 1147 3657 non
1168 3611 1238 3658 esse
1254 3590 1455 3673 uidebantur,

279 3698 470 3764 quamquam
500 3680 542 3746 11
573 3679 823 3746 confirmandum
848 3683 894 3749 eis
919 3682 1021 3762 magis
1046 3701 1139 3766 quam
1165 3679 1207 3746 ad
1232 3679 1455 3747 demonstran-

279 3771 354 3834 dum
389 3768 539 3835 utendum
576 3789 646 3836 osse
683 3771 802 3856 putavi.
850 3771 942 3838 Hune
970 3771 1003 3835 in
1033 3791 1121 3840 usum
1154 3771 1294 3836 maxime
1322 3769 1454 3837 adhibui

276 3859 479 3927 collationem
509 3863 547 3926 Α.
580 3858 733 3926 Wuttkii:
773 3859 859 3944 ,Der
888 3860 1040 3928 deutsche
1074 3860 1371 3942 Volksaberglaube
1399 3860 1456 3926 der

277 3946 502 4031 Gegenwart“¹
529 3954 559 4014 3.
585 3948 719 4032 Andaga
742 3972 772 4016 1.
796 3949 900 4016 Elard
925 3949 962 4016 H.
988 3950 1109 4036 Meyer,
1133 3950 1239 4016 Berol.
1268 3953 1363 4031 1900,
1393 3970 1456 4034 qna

275 4041 307 4104 in
332 4038 464 4105 citanda
489 4037 527 4103 W
550 4040 661 4107 littera
685 4048 767 4106 utar.
816 4040 883 4118 Quo
911 4047 1018 4106 tamen
1042 4040 1126 4106 libro
1150 4040 1294 4124 quamvis
1318 4038 1456 4120 diligen-

277 4130 399 4195 tissime
424 4136 457 4195 et
473 4128 632 4195 uberrime
648 4130 768 4214 scripto
788 4149 849 4195 non
867 4129 989 4194 inutilis
1005 4130 1093 4195 11111
1109 4136 1158 4195 111
1176 4127 1290 4195 Jacobi
1309 4127 1454 4193 Grimmii

164 4281 168 4296 ,
276 4217 477 4302 Mythologia
501 4217 731 4286 Germanorum
757 4217 822 4300 (ed.
848 4219 889 4284 lv
915 4240 978 4286 our.
993 4218 1030 4285 Ε.
1046 4219 1084 4284 Η.
1100 4218 1234 4303 Meyer).
1281 4217 1454 4284 Praeterea

276 4307 428 4372 nonnulla
457 4309 564 4393 recepi
593 4329 633 4374 ex
657 4307 855 4375 Weinboldii
886 4317 918 4375 et
943 4308 1040 4375 Boltii
1067 4307 1270 4394 ,Zeitsohrilt
1293 4305 1349 4371 des
1376 4305 1453 4370 Ver-

276 4395 344 4460 eins
368 4395 418 4462 ltu
444 4396 686 4464 Volkskunde“.

363 4484 529 4552 Postremo
558 4487 602 4553 ad
630 4487 781 4572 antiquas
809 4487 1054 4574 superstitiones
1082 4484 1294 4552 illustrandas
1323 4505 1455 4572 campos

277 4573 376 4642 etiam
401 4575 639 4661 longinquiores
665 4577 745 4662 adii,
769 4580 821 4663 qui
848 4588 957 4644 tamen
973 4598 1058 4642 nuuc
1074 4579 1114 4658 ei,
1138 4576 1192 4658 qui
1208 4575 1364 4655 originem
1381 4594 1455 4639 con·
