3268 5050
220 250 263 311 40

220 445 276 526 33)
303 444 369 527 11ύρ
385 437 546 526 μαχαίραι
563 435 608 526 μὴ
625 435 794 504 σκαλεύειν
812 441 951 508 Androo.
977 441 1098 507 eisdem
1123 442 1202 508 10611
1228 445 1341 526 6611166
1364 445 1398 508 16

220 533 322 620 symb.
339 536 646 619 3666616666.
680 531 810 615 apostol
840 537 889 596 11.
908 536 950 598 56
966 530 1014 611 (Ρ.
1032 534 1062 596 2.
1081 530 1171 615 516.)
1186 567 1228 578 -
1243 531 1324 598 Plut.
1343 554 1394 616 66.

220 623 312 689 Rom.
337 626 389 686 72.
419 620 460 689 de
483 619 567 688 Iside
591 624 655 685 354
679 619 716 686 F.
742 619 847 689 Numa
870 641 896 688 c.
926 624 975 685 14.
1000 656 1042 668 —
1067 620 1317 700 1661111611.
1342 625 1399 686 21.

221 711 262 777 11.
287 711 322 777 P.
349 715 423 777 227.
448 745 492 758 -
515 709 646 793 Hippoi.
672 711 728 777 ref.
755 710 784 774 6.
811 715 864 775 27.
890 747 931 756 -
958 709 1088 776 Lucian.
1113 731 1142 776 1.
1169 711 1198 776 h.
1224 714 1254 776 2.
1280 715 1332 777 28.

312 801 485 868 Commune
516 806 567 867 est
589 800 729 866 omnium
754 801 1010 884 superstitionum
1034 800 1101 882 igni
1127 801 1191 866 vim
1215 803 1305 883 quasi
1329 803 1399 866 ani-

222 899 344 957 matam
377 891 527 957 tribuere.
575 890 668 972 Apud
692 889 1027 972 lndogermanicarum
1064 890 1205 972 gentium
1229 891 1398 957 nonnullas

219 981 304 1062 ignis
341 981 437 1062 vulgo
472 986 508 1046 61
531 999 646 1046 666166
669 979 851 1046 immortale
876 979 1049 1063 colebatur,
1085 979 1172 1046 velut
1195 979 1280 1062 apud
1304 979 1417 1058 lndos

222 1070 337 1138 Persas
354 1069 497 1136 Prussos.
544 1068 729 1151 (Schrader.
757 1069 859 1136 Reall.
878 1069 952 1133 367.
970 1068 1059 1147 674).
1085 1069 1204 1135 Contra
1220 1069 1251 1134 in
1268 1068 1400 1136 Hestiao

221 1159 400 1243 Vestaeque
413 1158 500 1226 cultu
511 1158 603 1224 huius
617 1160 775 1242 opinionis
787 1159 925 1240 vestigia
938 1178 1010 1224 raro
1023 1159 1235 1225 inveniuntur.
1280 1159 1400 1225 166166

221 1249 457 1332 superstitionis
472 1249 714 1331 antiquissimae
727 1249 888 1315 scintillae
900 1248 959 1314 sub
973 1249 1079 1314 cinere
1092 1248 1227 1329 gliscere
1240 1247 1398 1314 interdurn

221 1339 385 1422 sentimus,
419 1345 454 1405 ut
489 1339 522 1404 in
549 1337 610 1404 hoo
637 1338 794 1424 symbolo.
840 1337 1048 1404 Interdictum
1072 1337 1155 1402 enim
1181 1339 1265 1419 ignis
1290 1338 1399 1419 gladio

220 1427 388 1496 scrutandi
415 1428 554 1509 intelligi
580 1448 641 1494 non
666 1435 781 1510 potest,
806 1428 866 1494 uisi
891 1428 957 1508 igni
982 1427 1156 1493 daemones
1172 1428 1277 1494 inesse
1294 1448 1400 1494 sumo·

223 1519 346 1597 bantur,
364 1537 495 1600 quorum
512 1518 563 1582 116
584 1538 623 1584 116
643 1517 702 1582 1116
719 1518 844 1583 1611666
861 1518 1072 1598 excitaretur,
1098 1516 1301 1583 metuendum
1320 1525 1398 1583 erat.

221 1607 385 1687 Francius,
410 1605 596 1674 solu-nore
625 1610 637 1670 l
667 1606 781 1686 (1890)
805 1627 838 1688 p.
867 1610 923 1670 151
965 1606 1047 1672 11666
1074 1606 1117 1672 ad
1141 1608 1398 1688 superstitionem

221 1697 449 1780 explicandam
470 1695 550 1763 haec
571 1695 685 1778 adfert,
709 1697 821 1778 quibus
838 1696 948 1762 statim
965 1695 1068 1764 elucet
1086 1715 1197 1763 666666
1213 1696 1400 1763 interdicti:

223 1786 368 1872 „Tartari
392 1793 508 1854 cavent
530 1806 571 1852 66
594 1784 728 1853 6611166
752 1787 818 1868 igni
832 1787 972 1852 16161661
986 1787 1135 1852 timentes
1148 1807 1188 1852 ne
1201 1784 1261 1852 bac
1273 1789 1402 1852 rationo

221 1883 318 1960 caput
341 1878 425 1958 ignis
450 1875 647 1943 abscidatur.
695 1875 797 1955 (Quae
820 1876 964 1942 narratio
989 1883 1118 1958 sumpta
1129 1882 1179 1941 661
1191 1896 1231 1940 ex
1243 1875 1401 1942 Johannis

221 1966 261 2033 de
283 1966 476 2049 Plancarpio
507 1971 631 2033 vetusto
655 1966 833 2048 itinerario,
869 1966 907 2032 cf.
935 1965 1041 2032 Liebr.
1066 1964 1110 2030 ad
1134 1965 1228 2032 Gerr.
1254 1964 1295 2030 de
1319 1965 1401 2030 Tilb.

221 2079 251 2139 p.
281 2057 369 2139 102).
417 2055 499 2121 116111
524 2062 556 2121 61
568 2054 835 2122 Κ66166116116166
859 2054 950 2120 66166
963 2053 1109 2120 iudicant
1121 2054 1258 2121 cultrum
1270 2055 1402 2135 infigere

220 2147 319 2229 lignis
348 2144 538 2213 ardentibus
563 2156 596 2212 61
619 2143 745 2210 16111661
770 2144 940 2211 1161611666
965 2144 1236 2226 septentrionalis.
1285 2145 1403 2221 Quibus

221 2255 293 2302 curn
305 2234 400 2302 rebus
412 2233 666 2314 coniungendum
680 2243 739 2316 est,
757 2233 840 2316 quod
855 2233 950 2318 Eijub
964 2234 1078 2316 Abala,
1091 2233 1200 2300 Zschr.
1215 2233 1245 2299 d.
1260 2234 1401 2302 deutscb.

225 2322 543 2391 161661166-11616166
568 2327 597 2386 7.
622 2344 651 2405 p.
678 2327 720 2391 90
755 2324 854 2390 refert
876 2324 986 2408 Syrios
1019 2323 1111 2388 huius
1136 2325 1254 2390 6616116
1280 2325 1402 2407 pericu·

225 2415 329 2481 losum
352 2413 472 2480 habero
495 2433 684 2496 quemquam
708 2413 814 2496 ignem
839 2412 941 2479 cultro
966 2412 1083 2480 fodero.

224 2593 280 2673 34)
305 2587 347 2655 661
364 2585 541 2678 στρώματα
563 2585 614 2654 αἐὶ
639 2586 855 2669 συνδεδεμένα
879 2583 965 2669 ἔχειν
982 2591 1121 2658 Andros.
1142 2613 1193 2675 ap.
1210 2592 1305 2675 Diog.
1325 2591 1359 2658 L.
1375 2597 1406 2656 8.

228 2687 275 2748 17.
300 2719 343 2730 -
369 2681 477 2749 Jambl
512 2682 617 2749 Protr.
642 2685 679 2745 21
709 2673 923 2764 (στρωμάτων
947 2673 1123 2758 ἑξαναστδς
1140 2676 1408 2744 συνέλισσεαῧτδ

223 2768 275 2833 καὶ
299 2766 483 2834 6116661161
507 2765 710 2853 συνστόρνυε,
726 2806 765 2815 -
781 2770 864 2836 Plut.
892 2793 943 2855 qu.
969 2791 1058 2837 conv.
1083 2774 1104 2835 8
1133 2771 1406 2840 1616611166.

225 2867 254 2926 5.
280 2867 310 2927 5.
337 2866 445 2926 27.-
471 2860 596 2944 Hippol.
621 2860 689 2926 Res.
716 2860 746 2926 6.
773 2861 813 2923 27
841 2854 911 2944 (cdv
934 2855 1230 2944 στρωματόδεσμον
1253 2857 1372 2946 δῆσον).

225 3043 280 3122 35)
307 3035 428 3123 χύτρας
452 3035 543 3117 ‘ixion
566 3038 697 3119 συγχεῖν
720 3033 753 3099 ἐν
775 3038 828 3124 τῆι
854 3034 973 3124 τὲφραι
1004 3038 1142 3106 Andron.
1174 3061 1226 3123 ap.
1251 3040 1345 3122 Diog.
1370 3038 1406 3104 L.

224 3134 333 3196 817.
369 3163 412 3174 -
447 3127 567 3195 dambl.
591 3127 694 3194 Protr.
721 3130 772 3192 21.
811 3161 853 3175 -
889 3129 1405 3212 Ρ161.66.6661.8.7.(11661.

224 3228 334 3286 strom.
360 3222 392 3282 5.
416 3222 448 3283 5.
474 3221 526 3283 27.

317 3307 405 3374 Haeo
430 3308 491 3373 duo
528 3307 675 3394 symbola
704 3327 741 3374 eo
766 3309 977 3375 consentiunt.
1002 3308 1086 3392 quod
1110 3317 1242 3393 utroque
1270 3310 1407 3391 vestigia

224 3399 343 3466 relicta
374 3399 537 3479 exstingui
561 3397 717 3463 iubentur.
764 3398 854 3483 Cum,
879 3399 962 3482 quod
986 3401 1127 3465 maxime
1152 3399 1321 3466 dolendum
1347 3407 1406 3480 661,

225 3489 311 3572 apud
337 3499 463 3554 1616166
488 3487 669 3554 distinctius
693 3486 733 3553 de
758 3487 875 3556 116616
899 3489 979 3554 nibil
1004 3496 1119 3571 exstet,
1143 3490 1228 3555 omui
1252 3489 1407 3571 interpre-

225 3578 316 3646 tandi
342 3579 499 3646 facultate
521 3577 667 3645 destituti
692 3597 845 3662 essemus,
869 3580 932 3646 nisi
957 3578 1143 3646 adsimiles
1168 3579 1332 3662 opiniones
1345 3579 1406 3644 611-

226 3689 317 3735 arum
342 3669 484 3750 gentium
509 3668 678 3750 confugere
691 3688 863 3753 possemus.
912 3668 1046 3751 Utrique
1059 3675 1233 3754 praecepto
1246 3689 1285 3734 ea
1297 3668 1405 3755 opinio

227 3759 337 3825 subest
363 3757 572 3825 daemonibus
596 3755 691 3824 malis
717 3758 884 3840 vestigium
910 3757 959 3822 161
983 3758 1119 3825 hominis
1133 3759 1184 3825 161
1197 3757 1405 3840 supellectilis

136 3897 148 3914 .
227 3849 312 3914 satis
338 3845 474 3913 6666611
499 3848 604 3932 ipsum
629 3847 786 3913 hominem
811 3847 863 3913 161
886 3847 1127 3914 instrumentum
1152 3846 1407 3934 opprimendum.

227 3936 298 4003 1611
328 3934 422 4001 modo
454 3937 622 4018 vestigium
646 3936 793 4022 inprimis
818 3935 910 4022 pedis
933 3958 993 4024 pro
1017 3945 1084 4003 toto
1108 3937 1235 4003 homine
1258 3937 1407 4005 substitui

226 4046 321 4114 posse
344 4025 513 4112 permultis
538 4025 818 4111 superstitionibus
841 4032 874 4092 61
898 4025 1128 4094 Germanorum
1154 4026 1219 4110 (W.
1240 4027 1312 4091 186.
1330 4027 1404 4090 643.

227 4120 301 4186 392.
319 4115 399 4198 396)
427 4121 460 4180 61
481 4115 670 4201 populorum
695 4115 885 4183 incultorum
919 4117 1046 4182 Africae
1076 4127 1108 4184 et
1142 4116 1328 4183 Australiae
1355 4135 1407 4181 co-

227 4207 338 4288 gnosci
362 4210 478 4288 potest,
505 4223 583 4288 quas
608 4204 738 4287 collegit
753 4205 910 4272 Frazerus
928 4208 1079 4290 opusculo
1096 4205 1272 4277 identidem
1291 4207 1406 4272 citato:

228 4297 322 4363 Some
346 4293 481 4378 popular
504 4295 727 4377 superstitious
751 4297 787 4362 of
806 4295 1406 4381 11166661661616111-116161.(1890)

228 4408 258 4469 p.
288 4389 347 4450 157
374 4403 419 4466 sq.
469 4383 527 4462 Qui
565 4387 614 4450 vir
649 4385 855 4454 doctissimus
889 4386 1008 4453 ibidem
1033 4387 1082 4452 bis
1106 4385 1229 4453 duobus
1252 4384 1407 4471 symbolis

229 4473 432 4557 explicandis
457 4492 587 4556 operam
612 4473 702 4540 dedit
725 4482 758 4542 et
781 4495 843 4558 qua
866 4483 914 4542 est
938 4476 1055 4559 peritia
1079 4475 1265 4541 admirabili
1286 4493 1406 4539 morum

229 4565 375 4648 inprimis
407 4564 548 4645 gentium
574 4564 712 4630 ferarum
739 4563 855 4648 effecit,
890 4572 925 4628 ut
949 4563 988 4628 de
1012 4583 1109 4630 sensu
1133 4584 1241 4630 eorum
1266 4562 1408 4628 dubitari
