<?xml version="1.0" encoding="UTF-8"?>
<!DOCTYPE html PUBLIC "-//W3C//DTD XHTML 1.0 Transitional//EN"
    "http://www.w3.org/TR/xhtml1/DTD/xhtml1-transitional.dtd">
<html xmlns="http://www.w3.org/1999/xhtml" xml:lang="en" lang="en">
 <head>
  <title>
</title>
<meta http-equiv="Content-Type" content="text/html;charset=utf-8" />
  <meta name='ocr-system' content='tesseract 3.04.00' />
  <meta name='ocr-capabilities' content='ocr_page ocr_carea ocr_par ocr_line ocrx_word'/>
</head>
<body>
  <div class='ocr_page' id='page_1' title='image "./desymbolispytha01boehgoog_0036.png"; bbox 0 0 3268 5050; ppageno 0'>
   <div class='ocr_carea' id='block_1_1' title="bbox 1371 244 1408 304">
    <p class='ocr_par' dir='ltr' id='par_1_1' title="bbox 1371 244 1408 304">
     <span class='ocr_line' id='line_1_1' title="bbox 1371 244 1408 304; baseline 0 0"><span class='ocrx_word' id='word_1_1' title='bbox 1371 244 1408 304; x_wconf 85' lang='lat'>31</span> 
     </span>
    </p>
   </div>
   <div class='ocr_carea' id='block_1_2' title="bbox 230 437 1411 1158">
    <p class='ocr_par' dir='ltr' id='par_1_2' title="bbox 230 437 1411 1158">
     <span class='ocr_line' id='line_1_2' title="bbox 236 437 1411 522; baseline -0.009 -10"><span class='ocrx_word' id='word_1_2' title='bbox 236 447 399 514; x_wconf 89' lang='lat' dir='ltr'>cremandi</span> <span class='ocrx_word' id='word_1_3' title='bbox 435 446 570 513; x_wconf 76' lang='lat' dir='ltr'>cessisse</span> <span class='ocrx_word' id='word_1_4' title='bbox 604 443 842 510; x_wconf 90' lang='lat' dir='ltr'>demonstratur</span> <span class='ocrx_word' id='word_1_5' title='bbox 869 440 1099 522; x_wconf 80' lang='lat' dir='ltr'>antiquissimis</span> <span class='ocrx_word' id='word_1_6' title='bbox 1131 437 1295 520; x_wconf 75' lang='lat' dir='ltr'>sepulcris,</span> <span class='ocrx_word' id='word_1_7' title='bbox 1330 455 1411 519; x_wconf 90' lang='lat' dir='ltr'>quae</span> 
     </span>
     <span class='ocr_line' id='line_1_3' title="bbox 236 525 1409 618; baseline -0.013 -15"><span class='ocrx_word' id='word_1_8' title='bbox 236 538 353 604; x_wconf 90' lang='lat' dir='ltr'>nostris</span> <span class='ocrx_word' id='word_1_9' title='bbox 388 534 583 618; x_wconf 78' lang='lat' dir='ltr'>temporibus</span> <span class='ocrx_word' id='word_1_10' title='bbox 618 533 749 600; x_wconf 90' lang='lat' dir='ltr'>detecta</span> <span class='ocrx_word' id='word_1_11' title='bbox 783 535 866 612; x_wconf 88' lang='lat' dir='ltr'>sunt,</span> <span class='ocrx_word' id='word_1_12' title='bbox 902 529 941 595; x_wconf 90' lang='lat' dir='ltr'>cf.</span> <span class='ocrx_word' id='word_1_13' title='bbox 971 528 1140 611; x_wconf 82' lang='lat' dir='ltr'>Schrader,</span> <span class='ocrx_word' id='word_1_14' title='bbox 1168 527 1270 594; x_wconf 89' lang='lat' dir='ltr'>Rcall.</span> <span class='ocrx_word' id='word_1_15' title='bbox 1297 525 1338 590; x_wconf 87' lang='lat'>76</span> <span class='ocrx_word' id='word_1_16' title='bbox 1363 545 1409 608; x_wconf 90' lang='lat' dir='ltr'>sq.</span> 
     </span>
     <span class='ocr_line' id='line_1_4' title="bbox 236 616 1410 707; baseline -0.01 -15"><span class='ocrx_word' id='word_1_17' title='bbox 236 627 334 692; x_wconf 91' lang='lat' dir='ltr'>Huius</span> <span class='ocrx_word' id='word_1_18' title='bbox 359 625 544 692; x_wconf 80' lang='lat' dir='ltr'>mutationis</span> <span class='ocrx_word' id='word_1_19' title='bbox 568 643 649 707; x_wconf 88' lang='lat' dir='ltr'>quae</span> <span class='ocrx_word' id='word_1_20' title='bbox 673 623 770 688; x_wconf 87' lang='lat' dir='ltr'>luerit</span> <span class='ocrx_word' id='word_1_21' title='bbox 793 639 891 686; x_wconf 86' lang='lat' dir='ltr'>causa</span> <span class='ocrx_word' id='word_1_22' title='bbox 914 639 1040 685; x_wconf 87' lang='lat' dir='ltr'>summa</span> <span class='ocrx_word' id='word_1_23' title='bbox 1064 626 1113 684; x_wconf 90' lang='lat' dir='ltr'>cst</span> <span class='ocrx_word' id='word_1_24' title='bbox 1130 618 1236 684; x_wconf 87' lang='lat' dir='ltr'>adhuc</span> <span class='ocrx_word' id='word_1_25' title='bbox 1253 616 1410 682; x_wconf 88' lang='lat' dir='ltr'>dissensio</span> 
     </span>
     <span class='ocr_line' id='line_1_5' title="bbox 235 705 1409 796; baseline -0.01 -14"><span class='ocrx_word' id='word_1_26' title='bbox 235 718 372 782; x_wconf 89' lang='lat' dir='ltr'>virorum</span> <span class='ocrx_word' id='word_1_27' title='bbox 401 715 565 782; x_wconf 91' lang='lat' dir='ltr'>doctorum</span> <span class='ocrx_word' id='word_1_28' title='bbox 596 733 697 796; x_wconf 89' lang='lat' dir='ltr'>nequo</span> <span class='ocrx_word' id='word_1_29' title='bbox 726 710 822 777; x_wconf 87' lang='lat' dir='ltr'>credo</span> <span class='ocrx_word' id='word_1_30' title='bbox 850 729 999 793; x_wconf 89' lang='lat' dir='ltr'>umquam</span> <span class='ocrx_word' id='word_1_31' title='bbox 1029 708 1170 775; x_wconf 86' lang='lat' dir='ltr'>dilucide</span> <span class='ocrx_word' id='word_1_32' title='bbox 1200 705 1409 772; x_wconf 90' lang='lat' dir='ltr'>diiudicatum</span> 
     </span>
     <span class='ocr_line' id='line_1_6' title="bbox 233 796 1410 889; baseline -0.009 -19"><span class='ocrx_word' id='word_1_33' title='bbox 233 807 283 872; x_wconf 93' lang='lat' dir='ltr'>iri.</span> <span class='ocrx_word' id='word_1_34' title='bbox 330 807 434 889; x_wconf 83' lang='lat' dir='ltr'>Atque</span> <span class='ocrx_word' id='word_1_35' title='bbox 463 826 502 870; x_wconf 90' lang='lat' dir='ltr'>ne</span> <span class='ocrx_word' id='word_1_36' title='bbox 526 802 667 868; x_wconf 78' lang='lat' dir='ltr'>liohdius</span> <span class='ocrx_word' id='word_1_37' title='bbox 697 800 835 884; x_wconf 89' lang='lat' dir='ltr'>quidem,</span> <span class='ocrx_word' id='word_1_38' title='bbox 865 799 918 881; x_wconf 92' lang='lat' dir='ltr'>qui</span> <span class='ocrx_word' id='word_1_39' title='bbox 949 806 1043 882; x_wconf 88' lang='lat' dir='ltr'>putat</span> <span class='ocrx_word' id='word_1_40' title='bbox 1072 798 1214 863; x_wconf 89' lang='lat' dir='ltr'>homines</span> <span class='ocrx_word' id='word_1_41' title='bbox 1239 796 1312 862; x_wconf 89' lang='lat' dir='ltr'>ideo</span> <span class='ocrx_word' id='word_1_42' title='bbox 1337 815 1410 860; x_wconf 93' lang='lat' dir='ltr'>con-</span> 
     </span>
     <span class='ocr_line' id='line_1_7' title="bbox 237 886 1408 972; baseline -0.011 -10"><span class='ocrx_word' id='word_1_43' title='bbox 237 916 345 963; x_wconf 85' lang='lat' dir='ltr'>suesse</span> <span class='ocrx_word' id='word_1_44' title='bbox 374 902 516 960; x_wconf 89' lang='lat' dir='ltr'>mortuos</span> <span class='ocrx_word' id='word_1_45' title='bbox 548 891 744 972; x_wconf 82' lang='lat' dir='ltr'>comburere,</span> <span class='ocrx_word' id='word_1_46' title='bbox 781 898 815 956; x_wconf 91' lang='lat' dir='ltr'>ut</span> <span class='ocrx_word' id='word_1_47' title='bbox 843 889 903 970; x_wconf 92' lang='lat' dir='ltr'>ipsi</span> <span class='ocrx_word' id='word_1_48' title='bbox 935 908 968 954; x_wconf 89' lang='lat' dir='ltr'>sc</span> <span class='ocrx_word' id='word_1_49' title='bbox 993 890 1034 955; x_wconf 89' lang='lat' dir='ltr'>ab</span> <span class='ocrx_word' id='word_1_50' title='bbox 1060 888 1176 953; x_wconf 86' lang='lat' dir='ltr'>animis</span> <span class='ocrx_word' id='word_1_51' title='bbox 1201 886 1408 952; x_wconf 84' lang='lat' dir='ltr'>redeuntibus</span> 
     </span>
     <span class='ocr_line' id='line_1_8' title="bbox 233 975 1410 1063; baseline -0.008 -15"><span class='ocrx_word' id='word_1_52' title='bbox 233 985 443 1052; x_wconf 78' lang='lat' dir='ltr'>defenderent</span> <span class='ocrx_word' id='word_1_53' title='bbox 466 983 532 1061; x_wconf 71' lang='lat' dir='ltr'>(Pe.</span> <span class='ocrx_word' id='word_1_54' title='bbox 561 986 587 1045; x_wconf 95' lang='lat' dir='ltr'>l.</span> <span class='ocrx_word' id='word_1_55' title='bbox 613 984 654 1045; x_wconf 85' lang='lat'>27</span> <span class='ocrx_word' id='word_1_56' title='bbox 680 979 754 1063; x_wconf 86' lang='lat' dir='ltr'>sq),</span> <span class='ocrx_word' id='word_1_57' title='bbox 779 979 859 1046; x_wconf 87' lang='lat' dir='ltr'>satis</span> <span class='ocrx_word' id='word_1_58' title='bbox 889 977 1122 1045; x_wconf 86' lang='lat' dir='ltr'>demonstravit</span> <span class='ocrx_word' id='word_1_59' title='bbox 1151 998 1213 1059; x_wconf 90' lang='lat' dir='ltr'>qua</span> <span class='ocrx_word' id='word_1_60' title='bbox 1244 975 1285 1042; x_wconf 93' lang='lat' dir='ltr'>de</span> <span class='ocrx_word' id='word_1_61' title='bbox 1313 995 1410 1040; x_wconf 85' lang='lat' dir='ltr'>causa</span> 
     </span>
     <span class='ocr_line' id='line_1_9' title="bbox 230 1069 1320 1158; baseline -0.011 -19"><span class='ocrx_word' id='word_1_62' title='bbox 230 1075 317 1158; x_wconf 90' lang='lat' dir='ltr'>apud</span> <span class='ocrx_word' id='word_1_63' title='bbox 339 1093 450 1141; x_wconf 88' lang='lat' dir='ltr'>omnes</span> <span class='ocrx_word' id='word_1_64' title='bbox 474 1071 608 1156; x_wconf 91' lang='lat' dir='ltr'>populos</span> <span class='ocrx_word' id='word_1_65' title='bbox 632 1071 797 1152; x_wconf 89' lang='lat' dir='ltr'>sepultura</span> <span class='ocrx_word' id='word_1_66' title='bbox 821 1069 1017 1135; x_wconf 83' lang='lat' dir='ltr'>crematione</span> <span class='ocrx_word' id='word_1_67' title='bbox 1041 1069 1202 1149; x_wconf 87' lang='lat' dir='ltr'>antiquior</span> <span class='ocrx_word' id='word_1_68' title='bbox 1225 1072 1320 1133; x_wconf 89' lang='lat' dir='ltr'>esset.</span> 
     </span>
    </p>
   </div>
   <div class='ocr_carea' id='block_1_3' title="bbox 221 1237 1411 3307">
    <p class='ocr_par' dir='ltr' id='par_1_3' title="bbox 230 1237 1411 1421">
     <span class='ocr_line' id='line_1_10' title="bbox 235 1237 1411 1337; baseline -0.009 -19"><span class='ocrx_word' id='word_1_69' title='bbox 235 1254 294 1337; x_wconf 85' lang='lat'>24)</span> <span class='ocrx_word' id='word_1_70' title='bbox 318 1247 395 1327; x_wconf 70' lang='lat' dir='ltr'>uode</span> <span class='ocrx_word' id='word_1_71' title='bbox 419 1247 455 1314; x_wconf 80' lang='grc' dir='ltr'>δὲ</span> <span class='ocrx_word' id='word_1_72' title='bbox 478 1244 728 1332; x_wconf 61' lang='grc' dir='ltr'><strong><em>τελευτήσαντας</em></strong></span> <span class='ocrx_word' id='word_1_73' title='bbox 751 1239 785 1310; x_wconf 81' lang='grc' dir='ltr'>ἐν</span> <span class='ocrx_word' id='word_1_74' title='bbox 807 1245 937 1321; x_wconf 82' lang='grc' dir='ltr'><strong><em>λευκαῖς</em></strong></span> <span class='ocrx_word' id='word_1_75' title='bbox 953 1241 1071 1330; x_wconf 80' lang='grc' dir='ltr'><strong><em>ἐσθῆσι</em></strong></span> <span class='ocrx_word' id='word_1_76' title='bbox 1088 1241 1304 1330; x_wconf 80' lang='grc' dir='ltr'><strong><em>προπέμπειν</em></strong></span> <span class='ocrx_word' id='word_1_77' title='bbox 1319 1237 1411 1307; x_wconf 84' lang='grc' dir='ltr'><strong><em>ὅσιον</em></strong></span> 
     </span>
     <span class='ocr_line' id='line_1_11' title="bbox 230 1337 736 1421; baseline 0.004 -18"><span class='ocrx_word' id='word_1_78' title='bbox 230 1337 369 1421; x_wconf 79' lang='grc' dir='ltr'><strong><em>ἐνόμιζε.</em></strong></span> <span class='ocrx_word' id='word_1_79' title='bbox 394 1341 512 1408; x_wconf 84' lang='lat' dir='ltr'>Jambl.</span> <span class='ocrx_word' id='word_1_80' title='bbox 539 1339 577 1405; x_wconf 88' lang='lat' dir='ltr'>V.</span> <span class='ocrx_word' id='word_1_81' title='bbox 603 1339 636 1404; x_wconf 89' lang='lat' dir='ltr'>P.</span> <span class='ocrx_word' id='word_1_82' title='bbox 665 1342 736 1405; x_wconf 89' lang='grc'><strong>155.</strong></span> 
     </span>
    </p>

    <p class='ocr_par' dir='ltr' id='par_1_4' title="bbox 226 1425 1409 2318">
     <span class='ocr_line' id='line_1_12' title="bbox 322 1425 1409 1519; baseline -0.005 -22"><span class='ocrx_word' id='word_1_83' title='bbox 322 1432 422 1500; x_wconf 90' lang='lat' dir='ltr'>Huius</span> <span class='ocrx_word' id='word_1_84' title='bbox 446 1429 584 1519; x_wconf 89' lang='lat' dir='ltr'>symboli</span> <span class='ocrx_word' id='word_1_85' title='bbox 608 1436 812 1512; x_wconf 87' lang='lat' dir='ltr'>pracceptum</span> <span class='ocrx_word' id='word_1_86' title='bbox 830 1426 1003 1510; x_wconf 84' lang='lat' dir='ltr'>respondet</span> <span class='ocrx_word' id='word_1_87' title='bbox 1019 1425 1099 1491; x_wconf 91' lang='lat' dir='ltr'>mori</span> <span class='ocrx_word' id='word_1_88' title='bbox 1116 1445 1174 1508; x_wconf 91' lang='lat' dir='ltr'>per</span> <span class='ocrx_word' id='word_1_89' title='bbox 1190 1432 1290 1492; x_wconf 90' lang='lat' dir='ltr'>totam</span> <span class='ocrx_word' id='word_1_90' title='bbox 1309 1425 1409 1492; x_wconf 89' lang='lat' dir='ltr'>Grac·</span> 
     </span>
     <span class='ocr_line' id='line_1_13' title="bbox 230 1513 1406 1597; baseline -0.002 -13"><span class='ocrx_word' id='word_1_91' title='bbox 230 1522 313 1588; x_wconf 90' lang='lat' dir='ltr'>ciam</span> <span class='ocrx_word' id='word_1_92' title='bbox 338 1522 495 1588; x_wconf 90' lang='lat' dir='ltr'>communi</span> <span class='ocrx_word' id='word_1_93' title='bbox 520 1525 662 1586; x_wconf 90' lang='lat' dir='ltr'>mortuos</span> <span class='ocrx_word' id='word_1_94' title='bbox 686 1518 770 1584; x_wconf 91' lang='lat' dir='ltr'>albis</span> <span class='ocrx_word' id='word_1_95' title='bbox 795 1517 996 1585; x_wconf 88' lang='lat' dir='ltr'>vestimentis</span> <span class='ocrx_word' id='word_1_96' title='bbox 1021 1513 1149 1581; x_wconf 90' lang='lat' dir='ltr'>indutos</span> <span class='ocrx_word' id='word_1_97' title='bbox 1165 1515 1406 1597; x_wconf 89' lang='lat' dir='ltr'>sepeliendi‚·v.</span> 
     </span>
     <span class='ocr_line' id='line_1_14' title="bbox 229 1597 1409 1694; baseline -0.008 -18"><span class='ocrx_word' id='word_1_98' title='bbox 229 1611 384 1678; x_wconf 86' lang='lat' dir='ltr'>Artemid.</span> <span class='ocrx_word' id='word_1_99' title='bbox 411 1616 441 1678; x_wconf 84' lang='lat'>2.</span> <span class='ocrx_word' id='word_1_100' title='bbox 467 1614 486 1676; x_wconf 88' lang='grc'>3</span> <span class='ocrx_word' id='word_1_101' title='bbox 511 1614 555 1694; x_wconf 83' lang='lat' dir='ltr'>(p.</span> <span class='ocrx_word' id='word_1_102' title='bbox 581 1609 633 1674; x_wconf 83' lang='lat'>86.</span> <span class='ocrx_word' id='word_1_103' title='bbox 664 1612 701 1672; x_wconf 88' lang='lat'>17</span> <span class='ocrx_word' id='word_1_104' title='bbox 726 1608 784 1685; x_wconf 88' lang='lat' dir='ltr'>H):</span> <span class='ocrx_word' id='word_1_105' title='bbox 820 1601 916 1690; x_wconf 72' lang='lat' dir='ltr'>o’rdpl</span> <span class='ocrx_word' id='word_1_106' title='bbox 952 1602 989 1668; x_wconf 77' lang='grc' dir='ltr'>δὲ</span> <span class='ocrx_word' id='word_1_107' title='bbox 1023 1606 1171 1668; x_wconf 80' lang='grc' dir='ltr'><strong><em>νοσοῦντι</em></strong></span> <span class='ocrx_word' id='word_1_108' title='bbox 1203 1597 1299 1666; x_wconf 75' lang='grc' dir='ltr'><strong><em>λευκαὶ</em></strong></span> <span class='ocrx_word' id='word_1_109' title='bbox 1323 1599 1409 1683; x_wconf 79' lang='grc' dir='ltr'><strong><em>ἔχειν</em></strong></span> 
     </span>
     <span class='ocr_line' id='line_1_15' title="bbox 226 1687 1409 1781; baseline -0.002 -23"><span class='ocrx_word' id='word_1_110' title='bbox 226 1697 342 1778; x_wconf 79' lang='grc' dir='ltr'><strong><em>ὶματια</em></strong></span> <span class='ocrx_word' id='word_1_111' title='bbox 376 1700 518 1764; x_wconf 88' lang='grc' dir='ltr'><strong><em>θάνατον</em></strong></span> <span class='ocrx_word' id='word_1_112' title='bbox 553 1696 787 1781; x_wconf 64' lang='grc' dir='ltr'><strong><em>προσαγορεύει</em></strong></span> <span class='ocrx_word' id='word_1_113' title='bbox 826 1691 882 1758; x_wconf 80' lang='lat' dir='ltr'>droi</span> <span class='ocrx_word' id='word_1_114' title='bbox 916 1691 954 1757; x_wconf 83' lang='grc' dir='ltr'>τὸ</span> <span class='ocrx_word' id='word_1_115' title='bbox 988 1689 1066 1769; x_wconf 76' lang='grc' dir='ltr'>τούς</span> <span class='ocrx_word' id='word_1_116' title='bbox 1104 1687 1337 1768; x_wconf 65' lang='grc' dir='ltr'><strong><em>ἀποθανόντας</em></strong></span> <span class='ocrx_word' id='word_1_117' title='bbox 1374 1689 1409 1756; x_wconf 78' lang='grc' dir='ltr'>ἐν</span> 
     </span>
     <span class='ocr_line' id='line_1_16' title="bbox 227 1783 1407 1873; baseline 0 -25"><span class='ocrx_word' id='word_1_118' title='bbox 227 1786 354 1864; x_wconf 81' lang='grc' dir='ltr'><strong><em>λευκοῖς</em></strong></span> <span class='ocrx_word' id='word_1_119' title='bbox 378 1785 592 1873; x_wconf 70' lang='grc' dir='ltr'><strong><em>ἐκφέρεσθαι,</em></strong></span> <span class='ocrx_word' id='word_1_120' title='bbox 617 1789 657 1852; x_wconf 84' lang='lat' dir='ltr'>cl.</span> <span class='ocrx_word' id='word_1_121' title='bbox 681 1787 728 1850; x_wconf 91' lang='lat' dir='ltr'>ib.</span> <span class='ocrx_word' id='word_1_122' title='bbox 752 1790 772 1850; x_wconf 90' lang='lat'>4</span> <span class='ocrx_word' id='word_1_123' title='bbox 810 1790 828 1849; x_wconf 83' lang='lat'><strong>2</strong></span> <span class='ocrx_word' id='word_1_124' title='bbox 854 1785 899 1867; x_wconf 91' lang='lat' dir='ltr'>(p.</span> <span class='ocrx_word' id='word_1_125' title='bbox 926 1789 1000 1850; x_wconf 88' lang='lat'>205.</span> <span class='ocrx_word' id='word_1_126' title='bbox 1030 1783 1094 1866; x_wconf 84' lang='lat' dir='ltr'>ll),</span> <span class='ocrx_word' id='word_1_127' title='bbox 1125 1783 1300 1850; x_wconf 88' lang='lat' dir='ltr'>cuiusmodi</span> <span class='ocrx_word' id='word_1_128' title='bbox 1325 1805 1407 1851; x_wconf 90' lang='lat' dir='ltr'>som-</span> 
     </span>
     <span class='ocr_line' id='line_1_17' title="bbox 229 1874 1405 1961; baseline -0.003 -19"><span class='ocrx_word' id='word_1_129' title='bbox 229 1880 273 1942; x_wconf 93' lang='lat' dir='ltr'>nii</span> <span class='ocrx_word' id='word_1_130' title='bbox 304 1879 485 1961; x_wconf 87' lang='lat' dir='ltr'>exemplum</span> <span class='ocrx_word' id='word_1_131' title='bbox 514 1875 618 1942; x_wconf 88' lang='lat' dir='ltr'>tradit</span> <span class='ocrx_word' id='word_1_132' title='bbox 645 1874 741 1939; x_wconf 87' lang='lat' dir='ltr'>Paus.</span> <span class='ocrx_word' id='word_1_133' title='bbox 766 1878 796 1938; x_wconf 90' lang='lat'>4.</span> <span class='ocrx_word' id='word_1_134' title='bbox 825 1878 875 1939; x_wconf 85' lang='lat'>13.</span> <span class='ocrx_word' id='word_1_135' title='bbox 901 1878 920 1938; x_wconf 85' lang='lat'><em>3</em></span> <span class='ocrx_word' id='word_1_136' title='bbox 945 1874 985 1939; x_wconf 89' lang='lat' dir='ltr'>do</span> <span class='ocrx_word' id='word_1_137' title='bbox 1010 1874 1212 1942; x_wconf 81' lang='lat' dir='ltr'>Aristodemo</span> <span class='ocrx_word' id='word_1_138' title='bbox 1238 1874 1405 1940; x_wconf 85' lang='lat' dir='ltr'>hlcsscnic.</span> 
     </span>
     <span class='ocr_line' id='line_1_18' title="bbox 230 1962 1407 2050; baseline -0.003 -18"><span class='ocrx_word' id='word_1_139' title='bbox 230 1967 299 2033; x_wconf 88' lang='lat' dir='ltr'>Lex</span> <span class='ocrx_word' id='word_1_140' title='bbox 328 1969 462 2050; x_wconf 88' lang='lat' dir='ltr'>antiqua</span> <span class='ocrx_word' id='word_1_141' title='bbox 491 1964 678 2047; x_wconf 89' lang='lat' dir='ltr'>sepulcralis</span> <span class='ocrx_word' id='word_1_142' title='bbox 707 1963 816 2030; x_wconf 78' lang='lat' dir='ltr'>dulide</span> <span class='ocrx_word' id='word_1_143' title='bbox 844 1966 876 2028; x_wconf 92' lang='lat' dir='ltr'>in</span> <span class='ocrx_word' id='word_1_144' title='bbox 909 1962 1028 2046; x_wconf 91' lang='lat' dir='ltr'>oppido</span> <span class='ocrx_word' id='word_1_145' title='bbox 1056 1965 1110 2030; x_wconf 82' lang='lat' dir='ltr'>Cei</span> <span class='ocrx_word' id='word_1_146' title='bbox 1143 1963 1249 2031; x_wconf 90' lang='lat' dir='ltr'>insula</span> <span class='ocrx_word' id='word_1_147' title='bbox 1276 1963 1407 2030; x_wconf 88' lang='lat' dir='ltr'>inventa</span> 
     </span>
     <span class='ocr_line' id='line_1_19' title="bbox 226 2045 1407 2139; baseline -0.006 -18"><span class='ocrx_word' id='word_1_148' title='bbox 226 2057 418 2137; x_wconf 86' lang='lat' dir='ltr'>praescribit</span> <span class='ocrx_word' id='word_1_149' title='bbox 441 2054 599 2133; x_wconf 81' lang='lat' dir='ltr'>(Dircenb.</span> <span class='ocrx_word' id='word_1_150' title='bbox 626 2053 704 2139; x_wconf 84' lang='lat' dir='ltr'>Syll.</span> <span class='ocrx_word' id='word_1_151' title='bbox 731 2056 743 2092; x_wconf 92' lang='lat'><em>²</em></span> <span class='ocrx_word' id='word_1_152' title='bbox 768 2057 797 2118; x_wconf 84' lang='lat'>2.</span> <span class='ocrx_word' id='word_1_153' title='bbox 822 2057 912 2127; x_wconf 77' lang='lat' dir='ltr'>877t:</span> <span class='ocrx_word' id='word_1_154' title='bbox 936 2045 1016 2114; x_wconf 73' lang='grc' dir='ltr'><strong><em>κατιὶ</em></strong></span> <span class='ocrx_word' id='word_1_155' title='bbox 1040 2049 1146 2138; x_wconf 78' lang='grc' dir='ltr'><strong><em>[τα’]ὄε</em></strong></span> <span class='ocrx_word' id='word_1_156' title='bbox 1171 2051 1330 2137; x_wconf 87' lang='grc' dir='ltr'><strong><em>θα’[πτ]εν</em></strong></span> <span class='ocrx_word' id='word_1_157' title='bbox 1351 2048 1407 2114; x_wconf 87' lang='grc' dir='ltr'>τόν</span> 
     </span>
     <span class='ocr_line' id='line_1_20' title="bbox 227 2137 1405 2228; baseline -0.002 -24"><span class='ocrx_word' id='word_1_158' title='bbox 227 2143 382 2207; x_wconf 85' lang='grc' dir='ltr'><strong><em>θανόντα·</em></strong></span> <span class='ocrx_word' id='word_1_159' title='bbox 403 2140 437 2207; x_wconf 82' lang='grc' dir='ltr'>ἐν</span> <span class='ocrx_word' id='word_1_160' title='bbox 460 2139 652 2228; x_wconf 76' lang='grc' dir='ltr'><strong><em>ὲμ[ατ]ι’σ[ις</em></strong></span> <span class='ocrx_word' id='word_1_161' title='bbox 675 2137 779 2228; x_wconf 84' lang='grc' dir='ltr'><strong><em>τρι]σὶ</em></strong></span> <span class='ocrx_word' id='word_1_162' title='bbox 809 2139 945 2220; x_wconf 76' lang='grc' dir='ltr'><strong><em>λευκοῖς,</em></strong></span> <span class='ocrx_word' id='word_1_163' title='bbox 969 2139 1138 2226; x_wconf 77' lang='grc' dir='ltr'><strong><em>στρώματι</em></strong></span> <span class='ocrx_word' id='word_1_164' title='bbox 1167 2139 1219 2204; x_wconf 86' lang='grc' dir='ltr'>καὶ</span> <span class='ocrx_word' id='word_1_165' title='bbox 1249 2137 1405 2220; x_wconf 69' lang='grc' dir='ltr'><strong><em>ἐνδιῖριατι</em></strong></span> 
     </span>
     <span class='ocr_line' id='line_1_21' title="bbox 228 2228 540 2318; baseline -0.003 -24"><span class='ocrx_word' id='word_1_166' title='bbox 228 2228 294 2316; x_wconf 79' lang='grc' dir='ltr'><strong><em>[καὶ</em></strong></span> <span class='ocrx_word' id='word_1_167' title='bbox 318 2229 540 2318; x_wconf 59' lang='lat' dir='ltr'>quisti-ipen.</span> 
     </span>
    </p>

    <p class='ocr_par' dir='ltr' id='par_1_5' title="bbox 221 2323 1405 3307">
     <span class='ocr_line' id='line_1_22' title="bbox 315 2323 1405 2408; baseline 0 -19"><span class='ocrx_word' id='word_1_168' title='bbox 315 2323 375 2402; x_wconf 83' lang='lat' dir='ltr'>Qui</span> <span class='ocrx_word' id='word_1_169' title='bbox 401 2345 468 2391; x_wconf 80' lang='lat' dir='ltr'>nuos</span> <span class='ocrx_word' id='word_1_170' title='bbox 492 2344 554 2390; x_wconf 92' lang='lat' dir='ltr'>non</span> <span class='ocrx_word' id='word_1_171' title='bbox 578 2331 645 2390; x_wconf 91' lang='lat' dir='ltr'>tam</span> <span class='ocrx_word' id='word_1_172' title='bbox 672 2347 711 2392; x_wconf 86' lang='lat' dir='ltr'>ex</span> <span class='ocrx_word' id='word_1_173' title='bbox 737 2332 825 2391; x_wconf 87' lang='lat' dir='ltr'>certa</span> <span class='ocrx_word' id='word_1_174' title='bbox 849 2323 989 2407; x_wconf 88' lang='lat' dir='ltr'>quadam</span> <span class='ocrx_word' id='word_1_175' title='bbox 1005 2325 1232 2408; x_wconf 88' lang='lat' dir='ltr'>superstitione</span> <span class='ocrx_word' id='word_1_176' title='bbox 1249 2345 1347 2407; x_wconf 92' lang='lat' dir='ltr'>quam</span> <span class='ocrx_word' id='word_1_177' title='bbox 1365 2345 1405 2390; x_wconf 87' lang='lat' dir='ltr'>ex</span> 
     </span>
     <span class='ocr_line' id='line_1_23' title="bbox 229 2414 1404 2494; baseline 0 -16"><span class='ocrx_word' id='word_1_178' title='bbox 229 2414 475 2494; x_wconf 79' lang='lat' dir='ltr'>cogitationibus</span> <span class='ocrx_word' id='word_1_179' title='bbox 506 2416 651 2481; x_wconf 91' lang='lat' dir='ltr'>omnibus</span> <span class='ocrx_word' id='word_1_180' title='bbox 680 2416 746 2481; x_wconf 88' lang='lat' dir='ltr'>fere</span> <span class='ocrx_word' id='word_1_181' title='bbox 772 2414 951 2481; x_wconf 90' lang='lat' dir='ltr'>hominihus</span> <span class='ocrx_word' id='word_1_182' title='bbox 976 2414 1197 2480; x_wconf 91' lang='lat' dir='ltr'>communibus</span> <span class='ocrx_word' id='word_1_183' title='bbox 1221 2423 1309 2480; x_wconf 88' lang='lat' dir='ltr'>ortus</span> <span class='ocrx_word' id='word_1_184' title='bbox 1334 2434 1404 2480; x_wconf 91' lang='lat' dir='ltr'>esso</span> 
     </span>
     <span class='ocr_line' id='line_1_24' title="bbox 226 2503 1405 2586; baseline 0.003 -19"><span class='ocrx_word' id='word_1_185' title='bbox 226 2503 359 2570; x_wconf 87' lang='lat' dir='ltr'>videtur.</span> <span class='ocrx_word' id='word_1_186' title='bbox 407 2504 602 2586; x_wconf 83' lang='lat' dir='ltr'>Quicumque</span> <span class='ocrx_word' id='word_1_187' title='bbox 626 2505 711 2570; x_wconf 87' lang='lat' dir='ltr'>enim</span> <span class='ocrx_word' id='word_1_188' title='bbox 735 2506 868 2570; x_wconf 91' lang='lat' dir='ltr'>mortuis</span> <span class='ocrx_word' id='word_1_189' title='bbox 884 2504 950 2570; x_wconf 90' lang='lat' dir='ltr'>suis</span> <span class='ocrx_word' id='word_1_190' title='bbox 967 2503 1073 2568; x_wconf 82' lang='lat' dir='ltr'>officia</span> <span class='ocrx_word' id='word_1_191' title='bbox 1090 2503 1221 2585; x_wconf 87' lang='lat' dir='ltr'>pietatis</span> <span class='ocrx_word' id='word_1_192' title='bbox 1238 2511 1405 2584; x_wconf 87' lang='lat' dir='ltr'>praestant</span> 
     </span>
     <span class='ocr_line' id='line_1_25' title="bbox 224 2593 1402 2675; baseline 0 -17"><span class='ocrx_word' id='word_1_193' title='bbox 224 2594 333 2659; x_wconf 84' lang='lat' dir='ltr'>volunt</span> <span class='ocrx_word' id='word_1_194' title='bbox 356 2614 411 2660; x_wconf 87' lang='lat' dir='ltr'>eos</span> <span class='ocrx_word' id='word_1_195' title='bbox 436 2614 529 2675; x_wconf 89' lang='lat' dir='ltr'>quam</span> <span class='ocrx_word' id='word_1_196' title='bbox 556 2594 743 2675; x_wconf 90' lang='lat' dir='ltr'>purissimos</span> <span class='ocrx_word' id='word_1_197' title='bbox 761 2601 794 2659; x_wconf 91' lang='lat' dir='ltr'>et</span> <span class='ocrx_word' id='word_1_198' title='bbox 811 2613 943 2674; x_wconf 85' lang='lat' dir='ltr'>rorpcre</span> <span class='ocrx_word' id='word_1_199' title='bbox 960 2599 992 2657; x_wconf 90' lang='lat' dir='ltr'>et</span> <span class='ocrx_word' id='word_1_200' title='bbox 1008 2593 1126 2658; x_wconf 87' lang='lat' dir='ltr'>vestitu</span> <span class='ocrx_word' id='word_1_201' title='bbox 1144 2593 1205 2656; x_wconf 89' lang='lat' dir='ltr'>iter</span> <span class='ocrx_word' id='word_1_202' title='bbox 1221 2612 1402 2674; x_wconf 88' lang='lat' dir='ltr'>supremum</span> 
     </span>
     <span class='ocr_line' id='line_1_26' title="bbox 222 2681 1404 2764; baseline 0.003 -18"><span class='ocrx_word' id='word_1_203' title='bbox 222 2682 358 2764; x_wconf 88' lang='lat' dir='ltr'>ingredi.</span> <span class='ocrx_word' id='word_1_204' title='bbox 405 2685 457 2748; x_wconf 88' lang='lat' dir='ltr'>lta</span> <span class='ocrx_word' id='word_1_205' title='bbox 486 2683 601 2747; x_wconf 87' lang='lat' dir='ltr'>Graeci</span> <span class='ocrx_word' id='word_1_206' title='bbox 637 2702 761 2764; x_wconf 90' lang='lat' dir='ltr'>quoque</span> <span class='ocrx_word' id='word_1_207' title='bbox 796 2692 826 2747; x_wconf 87' lang='lat' dir='ltr'>et</span> <span class='ocrx_word' id='word_1_208' title='bbox 864 2694 1003 2748; x_wconf 89' lang='lat' dir='ltr'>mortuos</span> <span class='ocrx_word' id='word_1_209' title='bbox 1041 2681 1196 2748; x_wconf 85' lang='lat' dir='ltr'>lavabant</span> <span class='ocrx_word' id='word_1_210' title='bbox 1232 2682 1286 2759; x_wconf 87' lang='lat' dir='ltr'>(cf.</span> <span class='ocrx_word' id='word_1_211' title='bbox 1312 2682 1404 2749; x_wconf 89' lang='lat' dir='ltr'>Plato</span> 
     </span>
     <span class='ocr_line' id='line_1_27' title="bbox 222 2769 1403 2852; baseline 0.002 -16"><span class='ocrx_word' id='word_1_212' title='bbox 222 2771 342 2839; x_wconf 87' lang='lat' dir='ltr'>Phaed.</span> <span class='ocrx_word' id='word_1_213' title='bbox 371 2775 431 2835; x_wconf 88' lang='grc'>115</span> <span class='ocrx_word' id='word_1_214' title='bbox 458 2773 494 2835; x_wconf 93' lang='lat' dir='ltr'>A.</span> <span class='ocrx_word' id='word_1_215' title='bbox 520 2771 630 2852; x_wconf 86' lang='lat' dir='ltr'>Eurip.</span> <span class='ocrx_word' id='word_1_216' title='bbox 657 2770 774 2838; x_wconf 90' lang='lat' dir='ltr'>Phoen.</span> <span class='ocrx_word' id='word_1_217' title='bbox 804 2769 1031 2839; x_wconf 66' lang='lat' dir='ltr'>recalemus</span> <span class='ocrx_word' id='word_1_218' title='bbox 1057 2770 1257 2838; x_wconf 90' lang='lat' dir='ltr'>dePhiloct.</span> <span class='ocrx_word' id='word_1_219' title='bbox 1283 2772 1342 2852; x_wconf 84' lang='lat'>41)</span> <span class='ocrx_word' id='word_1_220' title='bbox 1370 2781 1403 2838; x_wconf 89' lang='lat' dir='ltr'>ct</span> 
     </span>
     <span class='ocr_line' id='line_1_28' title="bbox 224 2853 1400 2946; baseline 0.003 -22"><span class='ocrx_word' id='word_1_221' title='bbox 224 2861 363 2926; x_wconf 86' lang='lat' dir='ltr'>restibus</span> <span class='ocrx_word' id='word_1_222' title='bbox 387 2860 474 2943; x_wconf 89' lang='lat' dir='ltr'>puris</span> <span class='ocrx_word' id='word_1_223' title='bbox 498 2858 712 2943; x_wconf 82' lang='grc' dir='ltr'><strong><em>(καθαροῖσιν</em></strong></span> <span class='ocrx_word' id='word_1_224' title='bbox 736 2853 769 2922; x_wconf 81' lang='grc' dir='ltr'><strong><em>ε”ν</em></strong></span> <span class='ocrx_word' id='word_1_225' title='bbox 792 2854 931 2939; x_wconf 80' lang='grc' dir='ltr'><strong><em>εἵμασιν.</em></strong></span> <span class='ocrx_word' id='word_1_226' title='bbox 958 2863 1077 2928; x_wconf 89' lang='lat' dir='ltr'>Archil.</span> <span class='ocrx_word' id='word_1_227' title='bbox 1093 2883 1144 2945; x_wconf 84' lang='lat' dir='ltr'>ap.</span> <span class='ocrx_word' id='word_1_228' title='bbox 1163 2861 1244 2946; x_wconf 85' lang='lat' dir='ltr'>¹Plut.</span> <span class='ocrx_word' id='word_1_229' title='bbox 1263 2861 1303 2928; x_wconf 90' lang='lat' dir='ltr'>de</span> <span class='ocrx_word' id='word_1_230' title='bbox 1327 2862 1400 2928; x_wconf 89' lang='lat' dir='ltr'>aud.</span> 
     </span>
     <span class='ocr_line' id='line_1_29' title="bbox 223 2948 1403 3035; baseline 0.001 -17"><span class='ocrx_word' id='word_1_231' title='bbox 223 2959 307 3034; x_wconf 88' lang='lat' dir='ltr'>poet.</span> <span class='ocrx_word' id='word_1_232' title='bbox 333 2972 359 3016; x_wconf 94' lang='lat' dir='ltr'>c.</span> <span class='ocrx_word' id='word_1_233' title='bbox 385 2948 421 3034; x_wconf 87' lang='lat'>6)</span> <span class='ocrx_word' id='word_1_234' title='bbox 445 2950 574 3017; x_wconf 92' lang='lat' dir='ltr'>indutos</span> <span class='ocrx_word' id='word_1_235' title='bbox 603 2951 813 3034; x_wconf 87' lang='lat' dir='ltr'>sepeliebant,</span> <span class='ocrx_word' id='word_1_236' title='bbox 844 2951 991 3031; x_wconf 87' lang='lat' dir='ltr'>inprimis</span> <span class='ocrx_word' id='word_1_237' title='bbox 1019 2952 1113 3032; x_wconf 90' lang='lat' dir='ltr'>albis,</span> <span class='ocrx_word' id='word_1_238' title='bbox 1143 2971 1205 3035; x_wconf 93' lang='lat' dir='ltr'>quo</span> <span class='ocrx_word' id='word_1_239' title='bbox 1234 2953 1267 3017; x_wconf 94' lang='lat' dir='ltr'>in</span> <span class='ocrx_word' id='word_1_240' title='bbox 1296 2953 1403 3019; x_wconf 87' lang='lat' dir='ltr'>colore</span> 
     </span>
     <span class='ocr_line' id='line_1_30' title="bbox 221 3040 1403 3125; baseline 0.003 -20"><span class='ocrx_word' id='word_1_241' title='bbox 221 3041 381 3107; x_wconf 87' lang='lat' dir='ltr'>munditia</span> <span class='ocrx_word' id='word_1_242' title='bbox 404 3042 545 3108; x_wconf 90' lang='lat' dir='ltr'>maxime</span> <span class='ocrx_word' id='word_1_243' title='bbox 570 3042 743 3122; x_wconf 90' lang='lat' dir='ltr'>conspicua</span> <span class='ocrx_word' id='word_1_244' title='bbox 766 3049 824 3108; x_wconf 87' lang='lat' dir='ltr'>est.</span> <span class='ocrx_word' id='word_1_245' title='bbox 872 3040 1007 3106; x_wconf 92' lang='lat' dir='ltr'>Accedit</span> <span class='ocrx_word' id='word_1_246' title='bbox 1029 3041 1114 3124; x_wconf 93' lang='lat' dir='ltr'>quod</span> <span class='ocrx_word' id='word_1_247' title='bbox 1137 3043 1225 3109; x_wconf 89' lang='lat' dir='ltr'>color</span> <span class='ocrx_word' id='word_1_248' title='bbox 1241 3042 1343 3125; x_wconf 88' lang='lat' dir='ltr'>albus,</span> <span class='ocrx_word' id='word_1_249' title='bbox 1368 3049 1403 3109; x_wconf 92' lang='lat' dir='ltr'>ut</span> 
     </span>
     <span class='ocr_line' id='line_1_31' title="bbox 227 3129 1400 3215; baseline 0.001 -19"><span class='ocrx_word' id='word_1_250' title='bbox 227 3131 268 3196; x_wconf 89' lang='lat' dir='ltr'>ad</span> <span class='ocrx_word' id='word_1_251' title='bbox 294 3131 397 3214; x_wconf 87' lang='lat' dir='ltr'>symb.</span> <span class='ocrx_word' id='word_1_252' title='bbox 423 3135 441 3194; x_wconf 86' lang='lat'>2</span> <span class='ocrx_word' id='word_1_253' title='bbox 467 3131 618 3214; x_wconf 86' lang='lat' dir='ltr'>diximus,</span> <span class='ocrx_word' id='word_1_254' title='bbox 643 3129 693 3196; x_wconf 92' lang='lat' dir='ltr'>dis</span> <span class='ocrx_word' id='word_1_255' title='bbox 717 3132 922 3212; x_wconf 86' lang='lat' dir='ltr'>gratissimus</span> <span class='ocrx_word' id='word_1_256' title='bbox 948 3130 1137 3215; x_wconf 86' lang='lat' dir='ltr'>habebatur,</span> <span class='ocrx_word' id='word_1_257' title='bbox 1161 3133 1277 3199; x_wconf 92' lang='lat' dir='ltr'>mortui</span> <span class='ocrx_word' id='word_1_258' title='bbox 1294 3141 1400 3199; x_wconf 90' lang='lat' dir='ltr'>autem</span> 
     </span>
     <span class='ocr_line' id='line_1_32' title="bbox 226 3219 875 3307; baseline 0 -24"><span class='ocrx_word' id='word_1_259' title='bbox 226 3219 295 3284; x_wconf 88' lang='lat' dir='ltr'>deis</span> <span class='ocrx_word' id='word_1_260' title='bbox 319 3228 395 3286; x_wconf 91' lang='lat' dir='ltr'>sunt</span> <span class='ocrx_word' id='word_1_261' title='bbox 418 3222 607 3304; x_wconf 88' lang='lat' dir='ltr'>consecrati,</span> <span class='ocrx_word' id='word_1_262' title='bbox 632 3222 670 3285; x_wconf 91' lang='lat' dir='ltr'>cf.</span> <span class='ocrx_word' id='word_1_263' title='bbox 696 3220 797 3307; x_wconf 85' lang='lat' dir='ltr'>symb.</span> <span class='ocrx_word' id='word_1_264' title='bbox 827 3224 875 3284; x_wconf 88' lang='lat'>14.</span> 
     </span>
    </p>
   </div>
   <div class='ocr_carea' id='block_1_4' title="bbox 193 3391 1401 4644">
    <p class='ocr_par' dir='ltr' id='par_1_6' title="bbox 224 3391 1399 3568">
     <span class='ocr_line' id='line_1_33' title="bbox 224 3391 1399 3482; baseline 0.007 -24"><span class='ocrx_word' id='word_1_265' title='bbox 224 3397 279 3475; x_wconf 83' lang='lat'>25)</span> <span class='ocrx_word' id='word_1_266' title='bbox 305 3393 541 3480; x_wconf 82' lang='grc' dir='ltr'><strong><em>κοπαρισσίνην</em></strong></span> <span class='ocrx_word' id='word_1_267' title='bbox 564 3392 600 3457; x_wconf 81' lang='grc' dir='ltr'>δὲ</span> <span class='ocrx_word' id='word_1_268' title='bbox 623 3391 669 3480; x_wconf 77' lang='grc' dir='ltr'>μή</span> <span class='ocrx_word' id='word_1_269' title='bbox 694 3395 763 3460; x_wconf 81' lang='grc' dir='ltr'><strong><em>δεῖν</em></strong></span> <span class='ocrx_word' id='word_1_270' title='bbox 786 3395 1086 3476; x_wconf 57' lang='grc' dir='ltr'><strong><em>κατασκευάζεσθαι</em></strong></span> <span class='ocrx_word' id='word_1_271' title='bbox 1111 3396 1216 3482; x_wconf 88' lang='grc' dir='ltr'><strong><em>σορόν.</em></strong></span> <span class='ocrx_word' id='word_1_272' title='bbox 1239 3399 1399 3466; x_wconf 72' lang='grc' dir='ltr'>θεωὸ1.11.</span> 
     </span>
     <span class='ocr_line' id='line_1_34' title="bbox 224 3483 940 3568; baseline 0.004 -19"><span class='ocrx_word' id='word_1_273' title='bbox 224 3483 260 3550; x_wconf 91' lang='lat' dir='ltr'>P.</span> <span class='ocrx_word' id='word_1_274' title='bbox 290 3488 360 3549; x_wconf 82' lang='lat'>155.</span> <span class='ocrx_word' id='word_1_275' title='bbox 388 3485 549 3567; x_wconf 88' lang='lat' dir='ltr'>Hermipp.</span> <span class='ocrx_word' id='word_1_276' title='bbox 575 3506 626 3568; x_wconf 91' lang='lat' dir='ltr'>ap.</span> <span class='ocrx_word' id='word_1_277' title='bbox 651 3487 746 3567; x_wconf 91' lang='lat' dir='ltr'>Diog.</span> <span class='ocrx_word' id='word_1_278' title='bbox 771 3488 807 3553; x_wconf 91' lang='lat' dir='ltr'>L.</span> <span class='ocrx_word' id='word_1_279' title='bbox 832 3492 863 3552; x_wconf 90' lang='lat'>8.</span> <span class='ocrx_word' id='word_1_280' title='bbox 892 3492 940 3552; x_wconf 89' lang='lat'>10.</span> 
     </span>
    </p>

    <p class='ocr_par' dir='ltr' id='par_1_7' title="bbox 193 3573 1401 4644">
     <span class='ocr_line' id='line_1_35' title="bbox 309 3573 1401 3662; baseline 0.006 -23"><span class='ocrx_word' id='word_1_281' title='bbox 309 3573 496 3656; x_wconf 84' lang='lat' dir='ltr'>Explicatio</span> <span class='ocrx_word' id='word_1_282' title='bbox 535 3575 628 3641; x_wconf 88' lang='lat' dir='ltr'>nimis</span> <span class='ocrx_word' id='word_1_283' title='bbox 666 3576 761 3657; x_wconf 90' lang='lat' dir='ltr'>longe</span> <span class='ocrx_word' id='word_1_284' title='bbox 800 3579 965 3658; x_wconf 90' lang='lat' dir='ltr'>arcessita,</span> <span class='ocrx_word' id='word_1_285' title='bbox 1004 3597 1099 3662; x_wconf 90' lang='lat' dir='ltr'>qnam</span> <span class='ocrx_word' id='word_1_286' title='bbox 1133 3576 1332 3643; x_wconf 76' lang='lat' dir='ltr'>lamblichus</span> <span class='ocrx_word' id='word_1_287' title='bbox 1368 3586 1401 3646; x_wconf 89' lang='lat' dir='ltr'>ot</span> 
     </span>
     <span class='ocr_line' id='line_1_36' title="bbox 225 3663 1399 3751; baseline 0.005 -23"><span class='ocrx_word' id='word_1_288' title='bbox 225 3663 385 3746; x_wconf 86' lang='lat' dir='ltr'>Diogenes</span> <span class='ocrx_word' id='word_1_289' title='bbox 416 3663 589 3746; x_wconf 89' lang='lat' dir='ltr'>Hermippo</span> <span class='ocrx_word' id='word_1_290' title='bbox 626 3673 755 3732; x_wconf 89' lang='lat' dir='ltr'>auctore</span> <span class='ocrx_word' id='word_1_291' title='bbox 789 3665 934 3751; x_wconf 89' lang='lat' dir='ltr'>symbolo</span> <span class='ocrx_word' id='word_1_292' title='bbox 964 3665 1088 3731; x_wconf 86' lang='lat' dir='ltr'>addunt</span> <span class='ocrx_word' id='word_1_293' title='bbox 1116 3665 1259 3732; x_wconf 88' lang='lat' dir='ltr'>dicentes</span> <span class='ocrx_word' id='word_1_294' title='bbox 1285 3667 1399 3734; x_wconf 88' lang='lat' dir='ltr'>loculis</span> 
     </span>
     <span class='ocr_line' id='line_1_37' title="bbox 193 3751 1400 3842; baseline 0.005 -24"><span class='ocrx_word' id='word_1_295' title='bbox 193 3832 197 3840; x_wconf 28' lang='grc' dir='ltr'>Ι</span> <span class='ocrx_word' id='word_1_296' title='bbox 224 3755 402 3837; x_wconf 88' lang='lat' dir='ltr'>cupresseis</span> <span class='ocrx_word' id='word_1_297' title='bbox 431 3751 582 3819; x_wconf 88' lang='lat' dir='ltr'>utendum</span> <span class='ocrx_word' id='word_1_298' title='bbox 607 3775 669 3821; x_wconf 94' lang='lat' dir='ltr'>non</span> <span class='ocrx_word' id='word_1_299' title='bbox 695 3775 773 3837; x_wconf 90' lang='lat' dir='ltr'>esse,</span> <span class='ocrx_word' id='word_1_300' title='bbox 804 3756 879 3842; x_wconf 88' lang='lat' dir='ltr'>quia</span> <span class='ocrx_word' id='word_1_301' title='bbox 903 3755 993 3822; x_wconf 84' lang='lat' dir='ltr'>Jovis</span> <span class='ocrx_word' id='word_1_302' title='bbox 1018 3762 1176 3837; x_wconf 89' lang='lat' dir='ltr'>sceptmm</span> <span class='ocrx_word' id='word_1_303' title='bbox 1205 3775 1223 3820; x_wconf 93' lang='lat' dir='ltr'>e</span> <span class='ocrx_word' id='word_1_304' title='bbox 1251 3775 1400 3839; x_wconf 91' lang='lat' dir='ltr'>cupresso</span> 
     </span>
     <span class='ocr_line' id='line_1_38' title="bbox 223 3843 1401 3928; baseline 0.004 -20"><span class='ocrx_word' id='word_1_305' title='bbox 223 3843 342 3910; x_wconf 86' lang='lat' dir='ltr'>iactum</span> <span class='ocrx_word' id='word_1_306' title='bbox 368 3844 421 3926; x_wconf 92' lang='lat' dir='ltr'>sit,</span> <span class='ocrx_word' id='word_1_307' title='bbox 446 3843 515 3908; x_wconf 92' lang='lat' dir='ltr'>sine</span> <span class='ocrx_word' id='word_1_308' title='bbox 539 3843 637 3910; x_wconf 91' lang='lat' dir='ltr'>dubio</span> <span class='ocrx_word' id='word_1_309' title='bbox 661 3865 770 3911; x_wconf 86' lang='lat' dir='ltr'>verum</span> <span class='ocrx_word' id='word_1_310' title='bbox 794 3867 920 3913; x_wconf 90' lang='lat' dir='ltr'>sensum</span> <span class='ocrx_word' id='word_1_311' title='bbox 937 3845 1102 3928; x_wconf 88' lang='lat' dir='ltr'>praecepti</span> <span class='ocrx_word' id='word_1_312' title='bbox 1119 3864 1182 3911; x_wconf 90' lang='lat' dir='ltr'>non</span> <span class='ocrx_word' id='word_1_313' title='bbox 1199 3847 1353 3928; x_wconf 90' lang='lat' dir='ltr'>exprimit</span> <span class='ocrx_word' id='word_1_314' title='bbox 1368 3855 1401 3913; x_wconf 88' lang='lat' dir='ltr'>et</span> 
     </span>
     <span class='ocr_line' id='line_1_39' title="bbox 221 3933 1400 4019; baseline 0.003 -20"><span class='ocrx_word' id='word_1_315' title='bbox 221 3935 396 4000; x_wconf 90' lang='lat' dir='ltr'>verisimile</span> <span class='ocrx_word' id='word_1_316' title='bbox 419 3939 477 4012; x_wconf 88' lang='lat' dir='ltr'>est,</span> <span class='ocrx_word' id='word_1_317' title='bbox 502 3953 573 3998; x_wconf 90' lang='lat' dir='ltr'>eam</span> <span class='ocrx_word' id='word_1_318' title='bbox 598 3934 639 4000; x_wconf 91' lang='lat' dir='ltr'>ab</span> <span class='ocrx_word' id='word_1_319' title='bbox 663 3935 733 4018; x_wconf 92' lang='lat' dir='ltr'>ipso</span> <span class='ocrx_word' id='word_1_320' title='bbox 750 3935 923 4019; x_wconf 88' lang='lat' dir='ltr'>Hermippo</span> <span class='ocrx_word' id='word_1_321' title='bbox 948 3935 1164 4017; x_wconf 84' lang='lat' dir='ltr'>excogitatam</span> <span class='ocrx_word' id='word_1_322' title='bbox 1189 3954 1270 4001; x_wconf 89' lang='lat' dir='ltr'>esse.</span> <span class='ocrx_word' id='word_1_323' title='bbox 1316 3933 1400 4002; x_wconf 91' lang='lat' dir='ltr'>Nam</span> 
     </span>
     <span class='ocr_line' id='line_1_40' title="bbox 221 4022 1399 4108; baseline 0.003 -20"><span class='ocrx_word' id='word_1_324' title='bbox 221 4044 294 4090; x_wconf 90' lang='lat' dir='ltr'>raro</span> <span class='ocrx_word' id='word_1_325' title='bbox 318 4045 369 4090; x_wconf 89' lang='lat' dir='ltr'>res</span> <span class='ocrx_word' id='word_1_326' title='bbox 395 4022 629 4108; x_wconf 84' lang='lat' dir='ltr'>mythologicae</span> <span class='ocrx_word' id='word_1_327' title='bbox 653 4033 719 4092; x_wconf 89' lang='lat' dir='ltr'>tam</span> <span class='ocrx_word' id='word_1_328' title='bbox 745 4026 905 4092; x_wconf 89' lang='lat' dir='ltr'>subtiliter</span> <span class='ocrx_word' id='word_1_329' title='bbox 929 4025 1101 4092; x_wconf 88' lang='lat' dir='ltr'>distinctae</span> <span class='ocrx_word' id='word_1_330' title='bbox 1123 4025 1158 4090; x_wconf 90' lang='lat' dir='ltr'>in</span> <span class='ocrx_word' id='word_1_331' title='bbox 1174 4025 1399 4108; x_wconf 89' lang='lat' dir='ltr'>superstitione</span> 
     </span>
     <span class='ocr_line' id='line_1_41' title="bbox 223 4113 1399 4202; baseline 0.001 -22"><span class='ocrx_word' id='word_1_332' title='bbox 223 4114 368 4196; x_wconf 90' lang='lat' dir='ltr'>populari</span> <span class='ocrx_word' id='word_1_333' title='bbox 393 4113 607 4196; x_wconf 86' lang='lat' dir='ltr'>inveniuntur,</span> <span class='ocrx_word' id='word_1_334' title='bbox 632 4135 671 4182; x_wconf 90' lang='lat' dir='ltr'>ex</span> <span class='ocrx_word' id='word_1_335' title='bbox 689 4135 752 4200; x_wconf 90' lang='lat' dir='ltr'>qua</span> <span class='ocrx_word' id='word_1_336' title='bbox 765 4114 903 4197; x_wconf 89' lang='lat' dir='ltr'>plurima</span> <span class='ocrx_word' id='word_1_337' title='bbox 919 4114 1068 4202; x_wconf 86' lang='lat' dir='ltr'>symbola</span> <span class='ocrx_word' id='word_1_338' title='bbox 1083 4120 1155 4181; x_wconf 86' lang='lat' dir='ltr'>orta</span> <span class='ocrx_word' id='word_1_339' title='bbox 1170 4122 1254 4181; x_wconf 90' lang='lat' dir='ltr'>sunt.</span> <span class='ocrx_word' id='word_1_340' title='bbox 1294 4116 1399 4181; x_wconf 87' lang='lat' dir='ltr'>Semel</span> 
     </span>
     <span class='ocr_line' id='line_1_42' title="bbox 222 4202 1396 4289; baseline 0.002 -23"><span class='ocrx_word' id='word_1_341' title='bbox 222 4222 368 4268; x_wconf 88' lang='lat' dir='ltr'>arcarum</span> <span class='ocrx_word' id='word_1_342' title='bbox 393 4223 633 4284; x_wconf 88' lang='lat' dir='ltr'>cupressearum</span> <span class='ocrx_word' id='word_1_343' title='bbox 650 4206 770 4271; x_wconf 88' lang='lat' dir='ltr'>mentio</span> <span class='ocrx_word' id='word_1_344' title='bbox 787 4204 823 4271; x_wconf 92' lang='lat' dir='ltr'>fit</span> <span class='ocrx_word' id='word_1_345' title='bbox 839 4204 925 4289; x_wconf 93' lang='lat' dir='ltr'>apud</span> <span class='ocrx_word' id='word_1_346' title='bbox 941 4202 1159 4289; x_wconf 86' lang='lat' dir='ltr'>Thucydidem</span> <span class='ocrx_word' id='word_1_347' title='bbox 1178 4207 1207 4269; x_wconf 83' lang='lat'>2.</span> <span class='ocrx_word' id='word_1_348' title='bbox 1222 4207 1274 4269; x_wconf 83' lang='lat'>34.</span> <span class='ocrx_word' id='word_1_349' title='bbox 1289 4207 1320 4287; x_wconf 81' lang='lat'>3,</span> <span class='ocrx_word' id='word_1_350' title='bbox 1344 4205 1396 4270; x_wconf 94' lang='lat' dir='ltr'>ubi</span> 
     </span>
     <span class='ocr_line' id='line_1_43' title="bbox 222 4292 1398 4379; baseline 0.005 -24"><span class='ocrx_word' id='word_1_351' title='bbox 222 4299 370 4357; x_wconf 88' lang='lat' dir='ltr'>narratur</span> <span class='ocrx_word' id='word_1_352' title='bbox 396 4292 609 4360; x_wconf 75' lang='lat' dir='ltr'>Athenienses</span> <span class='ocrx_word' id='word_1_353' title='bbox 643 4314 716 4360; x_wconf 89' lang='lat' dir='ltr'>ossa</span> <span class='ocrx_word' id='word_1_354' title='bbox 753 4314 872 4377; x_wconf 86' lang='lat' dir='ltr'>eornm,</span> <span class='ocrx_word' id='word_1_355' title='bbox 908 4296 960 4379; x_wconf 90' lang='lat' dir='ltr'>qni</span> <span class='ocrx_word' id='word_1_356' title='bbox 995 4314 1052 4377; x_wconf 92' lang='lat' dir='ltr'>pro</span> <span class='ocrx_word' id='word_1_357' title='bbox 1084 4295 1191 4376; x_wconf 86' lang='lat' dir='ltr'>patria</span> <span class='ocrx_word' id='word_1_358' title='bbox 1219 4302 1398 4377; x_wconf 85' lang='lat' dir='ltr'>pugnantes</span> 
     </span>
     <span class='ocr_line' id='line_1_44' title="bbox 221 4380 1396 4468; baseline 0.006 -22"><span class='ocrx_word' id='word_1_359' title='bbox 221 4380 414 4464; x_wconf 85' lang='lat' dir='ltr'>oeciderunt,</span> <span class='ocrx_word' id='word_1_360' title='bbox 438 4383 469 4446; x_wconf 97' lang='lat' dir='ltr'>in</span> <span class='ocrx_word' id='word_1_361' title='bbox 495 4383 606 4449; x_wconf 90' lang='lat' dir='ltr'>loculis</span> <span class='ocrx_word' id='word_1_362' title='bbox 630 4386 809 4466; x_wconf 90' lang='lat' dir='ltr'>cupresseis</span> <span class='ocrx_word' id='word_1_363' title='bbox 826 4384 957 4451; x_wconf 87' lang='lat' dir='ltr'>condita</span> <span class='ocrx_word' id='word_1_364' title='bbox 972 4384 1099 4468; x_wconf 93' lang='lat' dir='ltr'>publico</span> <span class='ocrx_word' id='word_1_365' title='bbox 1116 4391 1244 4466; x_wconf 88' lang='lat' dir='ltr'>sumptu</span> <span class='ocrx_word' id='word_1_366' title='bbox 1261 4385 1396 4468; x_wconf 90' lang='lat' dir='ltr'>sepelire</span> 
     </span>
     <span class='ocr_line' id='line_1_45' title="bbox 220 4469 1396 4560; baseline 0.006 -26"><span class='ocrx_word' id='word_1_367' title='bbox 220 4469 331 4536; x_wconf 87' lang='lat' dir='ltr'>solitos</span> <span class='ocrx_word' id='word_1_368' title='bbox 368 4490 447 4536; x_wconf 88' lang='lat' dir='ltr'>esso.</span> <span class='ocrx_word' id='word_1_369' title='bbox 507 4471 598 4549; x_wconf 84' lang='lat' dir='ltr'>Quod</span> <span class='ocrx_word' id='word_1_370' title='bbox 635 4473 839 4560; x_wconf 80' lang='lat' dir='ltr'>Thucydides</span> <span class='ocrx_word' id='word_1_371' title='bbox 875 4475 959 4541; x_wconf 91' lang='lat' dir='ltr'>ultro</span> <span class='ocrx_word' id='word_1_372' title='bbox 993 4493 1091 4558; x_wconf 89' lang='lat' dir='ltr'>genus</span> <span class='ocrx_word' id='word_1_373' title='bbox 1125 4474 1206 4556; x_wconf 91' lang='lat' dir='ltr'>ligni</span> <span class='ocrx_word' id='word_1_374' title='bbox 1241 4476 1396 4559; x_wconf 90' lang='lat' dir='ltr'>nominat,</span> 
     </span>
     <span class='ocr_line' id='line_1_46' title="bbox 220 4558 1396 4644; baseline 0.005 -20"><span class='ocrx_word' id='word_1_375' title='bbox 220 4558 409 4626; x_wconf 90' lang='lat' dir='ltr'>documento</span> <span class='ocrx_word' id='word_1_376' title='bbox 440 4574 489 4626; x_wconf 91' lang='lat' dir='ltr'>est</span> <span class='ocrx_word' id='word_1_377' title='bbox 516 4582 579 4627; x_wconf 91' lang='lat' dir='ltr'>non</span> <span class='ocrx_word' id='word_1_378' title='bbox 604 4562 699 4644; x_wconf 84' lang='lat' dir='ltr'>vulgo</span> <span class='ocrx_word' id='word_1_379' title='bbox 730 4566 790 4630; x_wconf 90' lang='lat' dir='ltr'>hac</span> <span class='ocrx_word' id='word_1_380' title='bbox 818 4564 955 4631; x_wconf 88' lang='lat' dir='ltr'>materia</span> <span class='ocrx_word' id='word_1_381' title='bbox 982 4584 1055 4632; x_wconf 91' lang='lat' dir='ltr'>usos</span> <span class='ocrx_word' id='word_1_382' title='bbox 1084 4583 1153 4630; x_wconf 82' lang='lat' dir='ltr'>esse</span> <span class='ocrx_word' id='word_1_383' title='bbox 1183 4564 1396 4631; x_wconf 79' lang='lat' dir='ltr'>Athenienses</span> 
     </span>
    </p>
   </div>
   <div class='ocr_carea' id='block_1_5' title="bbox 0 0 1638 5050">
    <p class='ocr_par' dir='ltr' id='par_1_8' title="bbox 0 0 1638 5050">
     <span class='ocr_line' id='line_1_47' title="bbox 0 0 1638 5050; baseline 0 5"><span class='ocrx_word' id='word_1_384' title='bbox 0 0 1638 5050; x_wconf 95' lang='lat' dir='ltr'> </span> 
     </span>
    </p>
   </div>
  </div>
 </body>
</html>
