3268 5050
1389 265 1430 327 13

254 473 288 553 9)
311 465 346 535 έν
373 465 547 532 δακτυλίου
576 461 622 548 μδ
651 463 766 552 φέρειν
789 464 923 550 σημεῖον
945 464 1032 526 θεοῦ
1055 456 1170 524 εἰκόνα.
1219 461 1350 528 Aristot.
1375 481 1430 548 ap.

254 561 371 628 lambl.
390 560 427 626 V.
444 560 478 626 P.
503 562 556 624 84.
599 557 737 624 Androe.
762 577 815 642 ap.
833 555 948 641 Porph.
979 554 1000 620 l.
1026 574 1052 620 o.
1082 552 1174 633 Diog.
1203 551 1237 617 L.
1262 555 1292 616 8.
1323 555 1430 616 17.-

254 650 371 717 lambl.
396 649 497 717 Protr.
518 652 571 713 21.
585 684 624 694 -
640 647 740 714 (llem.
766 646 882 712 Strom.
906 649 936 709 5.
962 648 990 709 5.
1006 647 1058 707 28.
1072 677 1114 690 -
1128 641 1318 729 Apollonius
1329 639 1429 727 Tyan.

627 758 680 825 ap.
706 734 824 801 darnbl.
852 734 887 800 V.
911 734 946 799 P.
973 734 1047 798 256.

342 845 475 932 Utrique
502 844 648 930 symbolo
677 842 841 930 simplices
869 840 1027 927 quaedam
1058 839 1268 921 cogitationes
1298 838 1431 905 subsunt

252 937 292 1003 de
315 937 458 1024 puritate
482 945 579 1019 atque
602 933 788 1020 impuritate
812 931 973 1013 religiosa,
996 949 1078 1016 quae
1094 941 1160 994 tam
1178 928 1274 996 laoile
1288 929 1430 1016 perspici

256 1033 401 1112 possunt,
425 1025 615 1112 praesertim
640 1043 710 1088 rum
728 1023 794 1087 iam
811 1021 934 1107 antiqui
951 1021 1142 1105 interpretes
1159 1019 1303 1085 nonnulli
1319 1040 1428 1085 verum

255 1116 411 1203 suspicati
437 1115 512 1198 sint,
536 1121 570 1181 ut
594 1132 673 1200 opus
698 1133 761 1178 nou
785 1112 828 1178 sit
851 1110 980 1176 uberius
1005 1109 1045 1175 de
1068 1109 1115 1174 eis
1140 1107 1309 1176 disserere.

341 1204 392 1270 Ea
415 1224 492 1291 pars
508 1203 626 1289 poculi,
645 1222 733 1287 ,quae
750 1201 914 1267 rarissime
930 1199 1030 1266 labris
1045 1198 1206 1264 hominum
1224 1199 1313 1280 tangi
1337 1198 1429 1280 solet,

253 1315 308 1359 rur
331 1296 473 1360 maxime
496 1293 613 1360 idonea
630 1292 743 1359 habita
759 1292 811 1373 sit,
837 1310 900 1375 qua
916 1288 985 1356 deis
1002 1288 1172 1355 libationes
1187 1288 1310 1371 tierent,
1334 1288 1429 1354 laeilo

253 1383 390 1465 intelligi
415 1391 532 1470 potest.
579 1382 730 1448 Homines
754 1380 969 1467 superstitiosi
987 1379 1182 1460 metuebant,
1206 1398 1246 1442 ue
1261 1377 1320 1442 illa
1338 1398 1431 1444 sacra

255 1473 344 1539 irrita
367 1473 490 1556 tierent,
514 1474 541 1539 si
565 1493 623 1559 per
647 1492 719 1538 eam
743 1479 867 1558 partem
893 1469 1000 1556 poculi
1023 1466 1241 1551 funderentur,
1271 1487 1352 1552 quae
1375 1488 1430 1535 oro

254 1563 391 1628 bumauo
416 1563 507 1648 quasi
522 1561 739 1649 pollueretur.
786 1559 836 1624 lta
859 1561 926 1625 iam
950 1557 1139 1625 Aristoteles
1163 1577 1216 1643 ap.
1234 1557 1353 1624 dambl.
1372 1558 1431 1624 hoe

251 1651 430 1736 symbolum
460 1653 605 1739 explieat
632 1651 760 1717 dicens:
795 1643 889 1723 ὅπως
917 1641 962 1733 μή
985 1641 1055 1710 είπδ
1078 1648 1139 1708 τοῦ
1161 1642 1264 1710 αὐτοῦ
1287 1643 1429 1731 πίνηται.

254 1740 375 1806 Eodem
405 1742 559 1827 pertinet,
590 1740 674 1825 quod
697 1740 762 1804 illis
787 1739 916 1804 llomeri
939 1739 1095 1820 versibus,
1124 1756 1201 1821 quos
1226 1757 1322 1823 supra
1346 1743 1430 1802 attu-

251 1831 358 1912 limus,
383 1828 424 1895 de
446 1830 562 1916 poculo
587 1828 723 1894 Aebillis
746 1837 909 1893 narratur:

341 1918 371 1978 ll
394 1922 474 1984 225:
500 1911 582 1980 ἔνθα
606 1915 642 1978 δέ
666 1912 697 1977 oi
722 1912 826 1989 δέπας
850 1909 922 1976 ε”σκε
944 1911 1144 1995 τετυγμένον,
1170 1908 1247 1976 οὐδέ
1263 1936 1316 1989 τις
1330 1909 1430 1990 ἄλλος

497 2001 564 2070 οίτ’
586 2000 714 2089 ἀνδρῶν
738 2001 887 2066 πίνεσκεν
909 1999 959 2066 oin
982 1999 1084 2066 αἰτοῦ
1107 2002 1240 2066 αἴθοπα
1263 1993 1348 2067 οίνον

496 2090 571 2158 οίτέ
593 2115 671 2157 τεωι
696 2090 872 2156 σπένδεσκε
893 2095 985 2155 θεῶν
1007 2087 1058 2156 ὅτι
1082 2087 1128 2178 μή
1154 2089 1215 2155 Διί
1241 2091 1350 2178 πατρί.

342 2185 419 2252 ltem
450 2187 514 2252 iam
547 2187 588 2252 ab
618 2186 757 2270 antiquis
792 2185 1020 2270 interpretibus
1051 2184 1091 2249 de
1121 2204 1214 2250 seusu
1243 2184 1381 2270 symboli
1408 2187 1428 2252 9

253 2281 338 2342 reete
361 2275 520 2342 docemur.
568 2274 671 2342 Addit
694 2277 777 2341 enim
796 2273 1046 2361 Peripateticus:
1072 2269 1166 2346 ὅπως
1187 2268 1232 2359 μή
1247 2269 1427 2359 μιαίνηται,

251 2372 283 2432 et
307 2365 424 2432 elarius
441 2366 632 2452 Apollonius
648 2364 826 2451 Tyanensis
843 2363 924 2431 dieit
938 2364 1157 2451 Pythagoreos
1173 2365 1277 2430 anulis
1293 2363 1421 2430 deorum

256 2455 449 2538 imaginibus
474 2457 596 2522 ornatis
619 2455 813 2520 abstinuisse
838 2450 1101 2536 φυλαττομένους
1123 2448 1168 2537 pr]
1185 2449 1424 2538 npooeve'yxoor

252 2538 338 2626 πρδς
361 2539 504 2628 ἐκφορὰν
526 2539 546 2628 ἤ
569 2564 643 2604 τινα
665 2539 765 2604 ἄλλον
787 2538 893 2603 τόπον
916 2537 956 2602 οδ
978 2537 1134 2623 καθαρόν,
1160 2563 1261 2626 neque
1286 2542 1426 2609 dubitari

251 2639 368 2718 potest,
393 2635 468 2717 quin
492 2633 634 2719 profesto
660 2653 700 2699 ea
723 2632 819 2696 inerit
835 2651 943 2697 eausa.
980 2631 1050 2698 Mos
1066 2630 1198 2697 deorum
1215 2633 1308 2714 signa
1324 2633 1428 2699 anulis

251 2721 453 2806 insculpendi
489 2722 718 2807 posterioribus
756 2721 958 2803 antiquitatis
994 2721 1192 2807 temporibus
1221 2722 1287 2788 late
1315 2722 1427 2802 valuit,

251 2832 279 2875 v.
305 2809 386 2875 Plin.
412 2813 465 2874 33.
495 2814 561 2893 41.,
594 2813 623 2874 2.
651 2813 704 2894 21,
729 2810 904 2876 cuiusmodi
942 2811 1055 2892 anulos
1091 2810 1238 2896 depictos
1272 2813 1430 2897 praebent

253 2899 422 2966 Fortunius
447 2899 584 2983 Lieetus,
609 2889 649 2966 de
673 2900 777 2966 anulis
802 2901 954 2985 antiquie,
979 2899 1121 2978 (Utinum
1151 2898 1423 2980 1645)Nr.19-

249 2993 302 3074 23,
327 2993 468 3054 28-32.
517 2989 626 3074 lones,
655 2989 948 3072 Fingerring·Lor·e
975 3011 1008 3075 p.
1034 2993 1088 3056 37.
1135 2991 1194 3069 Qui
1224 3009 1292 3056 mos
1321 3011 1362 3056 ex
1391 3012 1428 3056 eo

248 3094 335 3146 ortus
360 3099 430 3147 esse
454 3080 589 3164 videtur,
621 3081 706 3166 quod
731 3101 800 3146 curn
826 3081 954 3145 omnino
980 3080 1067 3145 anuli
1093 3089 1158 3145 tum
1184 3080 1271 3145 anuli
1297 3080 1425 3145 deorum

250 3170 445 3251 imaginibus
474 3173 618 3252 insignes
650 3172 734 3235 inter
764 3170 906 3235 amuleta
936 3169 1137 3235 validissima
1166 3173 1425 3236 numerabantur.

249 3280 277 3322 v.
295 3259 400 3325 Sobol.
419 3259 582 3347 llristoplr.
598 3259 681 3325 Plut.
699 3262 775 3323 884.
801 3259 977 3341 bleineelre,
996 3258 1020 3323 F
1024 3280 1123 3341 ragm.
1141 3278 1221 3324 eom.
1241 3262 1269 3321 2.
1290 3261 1378 3342 454,
1396 3263 1425 3322 3.

248 3349 301 3412 97.
326 3348 418 3410 Alex.
443 3347 541 3413 Trall.
568 3352 599 3413 8.
626 3350 714 3428 2(1.
739 3371 770 3435 p.
795 3351 859 3412 377
885 3347 936 3414 ed.
962 3347 1123 3426 Pusobm.)
1150 3356 1261 3414 eontra
1285 3348 1345 3413 ooli
1370 3348 1426 3413 do·

249 3434 349 3499 lorem
374 3435 540 3519 complura
563 3436 800 3501 medicamenta
817 3438 945 3518 magica
962 3438 1174 3519 commendat,
1199 3458 1329 3521 quomm
1346 3456 1426 3501 non-

249 3522 339 3587 nulla
361 3523 395 3586 in
419 3524 548 3588 anulum
574 3523 694 3588 inoludi
719 3525 817 3607 iubet,
844 3526 895 3590 vel
919 3527 1071 3591 alterum:
1100 3520 1148 3599 εἰς
1173 3519 1326 3608 Μηδικδν
1349 3520 1425 3604 γλί-

249 3619 315 3696 ψον
335 3606 493 3694 Ἡρακλέα
515 3605 620 3695 δρδδν
643 3609 798 3693 πνίγοντα
820 3608 933 3676 λέοντα
955 3609 1009 3673 καὶ
1029 3607 1195 3693 ἐγκλείσας
1210 3607 1259 3686 εἰς
1275 3608 1425 3673 danuvii--

248 3700 320 3763 διον
346 3703 488 3784 χρυσοῖν
513 3697 610 3762 δίδου
638 3701 761 3785 φορεῖν.
786 3702 825 3767 ef.
852 3701 995 3769 Marcell.
1024 3703 1064 3768 de
1092 3700 1175 3768 med.
1201 3705 1252 3765 20.
1278 3707 1343 3786 98,
1369 3707 1422 3771 29.

248 3793 300 3857 23.
347 3789 397 3856 De
421 3789 496 3854 aliis
520 3789 625 3856 anulis
648 3791 783 3873 magieis
807 3791 846 3856 of.
870 3791 981 3876 lones,
1006 3815 1037 3880 p.
1067 3795 1128 3856 100
1152 3811 1199 3875 sq.
1225 3791 1290 3858 Sed
1314 3813 1425 3877 quam-

252 3900 346 3966 quam
371 3886 505 3964 propter
528 3879 604 3946 illas
628 3881 713 3946 vires
736 3881 841 3946 anulis
866 3883 1038 3949 attributas
1061 3880 1219 3948 eiusmodi
1235 3889 1426 3947 ornamenta

252 3977 381 4052 gestare
405 3969 485 4036 utile
510 3969 621 4035 baberi
637 3970 753 4056 potuit,
778 3978 886 4037 tamen
904 3992 966 4037 non
983 3973 1087 4037 minus
1104 3971 1200 4037 faeile
1216 3971 1424 4053 intelligimus

248 4059 393 4126 homines
424 4059 592 4140 religiosos
621 4067 810 4144 metuentes,
839 4081 879 4127 ne
907 4063 988 4128 iram
1013 4060 1155 4143 deorum,
1185 4081 1316 4146 quorum
1339 4061 1422 4126 ima·

245 4151 335 4230 giues
364 4148 545 4231 gestabant,
574 4150 679 4214 anulis
707 4151 815 4216 neseio
844 4170 905 4235 quo
934 4157 1030 4237 paeto
1058 4150 1202 4238 pollutis,
1231 4151 1265 4216 iu
1289 4170 1324 4217 se
1349 4171 1423 4216 oon-

246 4244 420 4321 rertereut,
444 4239 572 4305 omniuo
596 4240 643 4306 eis
666 4239 869 4308 abstinuisse.

317 4396 369 4479 10)
393 4393 554 4484 στέφανον
575 4394 621 4485 μὴ
643 4396 775 4462 τίλλειν.
799 4400 937 4467 Andros.
964 4423 1017 4488 ap.
1042 4402 1157 4488 Porph.
1184 4403 1221 4468 V.
1246 4401 1280 4467 P.
1307 4406 1359 4469 42.

333 4485 402 4554 lloe
426 4508 550 4573 quoque
573 4489 753 4576 symbolum
769 4489 895 4557 latioris
912 4492 1186 4578 interpretationis
1202 4513 1265 4558 non
1281 4491 1419 4574 indiget,

244 4577 436 4664 praesertim
462 4598 533 4644 eum
557 4579 753 4661 generaliter
775 4578 816 4647 de
840 4599 959 4647 eoroua
982 4589 1070 4664 agat,
1094 4601 1155 4647 non
1182 4581 1223 4648 de
1245 4602 1362 4648 corona
1378 4582 1421 4646 ad
