3268 5050
109 261 263 340 ,44

221 456 351 538 collegit
382 455 516 537 Sertori,
546 457 611 522 Der
639 456 744 523 Scbub
775 457 817 520 im
843 452 1095 535 Volksglauben,
1125 449 1231 521 Zscbr.
1258 455 1288 519 d.
1307 456 1344 522 V.
1375 456 1397 522 1.

222 545 357 613 14114414.
382 547 403 607 4
428 545 543 628 (1894)
572 550 627 611 151
657 567 704 631 sq.
1017 562 1051 620 r

309 633 345 700 ln
374 634 509 722 pedibus
536 634 686 700 lavandis
717 656 772 702 cur
800 634 944 702 homines
974 653 1011 698 su
1037 635 1187 701 erstitiosi
1218 635 1399 704 censuerint

221 724 383 792 sinistrum
408 726 548 811 priorem
572 723 789 792 adhibendum
814 743 895 807 esse,
919 655 1041 806 444441.

222 904 277 982 21)
302 897 422 987 χρυσᾶν
445 899 578 989 ἐχούσηι
602 897 647 988 μὴ
672 899 867 988 πλησιάζειν
882 898 939 964 ἐπὶ
957 898 1169 966 τεκνοποιίαι.
1195 905 1363 972 Aristota
1303 912 1396 992 44,4

221 991 339 1059 dambl.
366 993 403 1058 V.
429 993 463 1058 Ρ.
488 997 542 1058 84.
567 992 670 1060 Ρ4ο44.
696 996 746 1057 21.

309 1083 482 1150 Μ444114
473 1105 505 1148 44
535 1084 687 1168 444444444
674 1081 813 1148 tionibus
843 1082 988 1184 antiquis
1008 1081 1152 1148 (14444444
1177 1086 1396 1166 cognoscimus

221 1192 316 1253 agere
340 1179 414 1258 part
416 1193 460 1240 es.
509 1169 591 1239 Nam
615 1193 684 1239 cum
710 1178 911 1238 removentur
930 1167 1120 1276 4444444444
1111 1194 1237 1258 impura
1253 1195 1273 1238 4
1290 1174 1396 1240 multis

221 1281 318 1348 saepe
354 1263 448 1329 rebus
484 1270 516 1330 et
544 1263 691 1328 sacrise
694 1261 919 1348 tprolenist
922 1283 971 1326 um
1008 1263 1208 1343 gratissimus
1244 1272 1293 1330 444
1321 1284 1396 1330 usus

220 1370 328 1417 eorum
354 1351 534 1418 bominibus
569 1351 612 1417 ad
647 1353 754 1418 varias
788 1350 992 1418 calamitates
1027 1351 1231 1417 avertendas.
1291 1353 1397 1438 Atque

119 1516 121 1520 ¹
220 1459 411 1525 quamquam
439 1440 575 1506 lucidius
603 1441 722 1528 duplex
748 1441 828 1506 haec
851 1443 898 1505 444
921 1442 953 1505 44
980 1441 1063 1507 forro
1093 1449 1124 1508 44
1148 1463 1222 1508 4444
1253 1444 1394 1528 44444444

220 1537 336 1614 444444,
379 1552 460 1616 4444
502 1539 534 1596 44
568 1532 599 1594 44
636 1529 759 1616 templa
796 1528 925 1595 deorum
962 1531 1070 1596 inferri
1097 1532 1289 1598 vetabantur
1324 1531 1393 1616 (44.

224 1623 250 1683 l.
265 1621 328 1684 345
346 1623 458 1704 44444
427 1621 565 1686 etintcr
587 1621 762 1686 fortissima
784 1619 973 1684 daornonum
992 1621 1233 1707 propugnacula
1250 1643 1396 1688 numera-

221 1708 298 1774 bant
285 1716 336 1774 tur
364 1710 420 1790 (44
450 1710 553 1796 symb
583 1709 642 1792 39)
673 1717 779 1775 tamen
810 1729 871 1774 444
901 1708 1026 1792 dosunt,
1056 1732 1174 1795 quae
1167 1713 1236 1776 auri
1261 1710 1394 1778 eandem

220 1799 375 1865 rationem
405 1820 475 1867 4444
504 1799 594 1866 babit
580 1806 646 1866 tam
673 1798 909 1903 demonstrent
886 1805 963 1865 tv
994 1761 1067 1865 1144
1054 1810 1198 1904 tpraec.
1224 1801 1302 1886 reip.
1328 1821 1394 1883 ger.

221 1888 322 1954 2474
357 1880 737 1995 χ44441444144144444
764 1890 830 1993 scrip
853 1850 955 1993 1441414
974 1882 1132 1963 εἰσιόντες
1157 1883 1220 1966 ἔξω
1248 1885 1395 1951 καταλεί-

220 1995 331 2055 πουσι,
359 1975 492 2064 41414444
520 1973 613 2039 δὲ
586 2001 632 2053 ως
654 1970 823 2052 entole
795 1978 903 2038 ειπεῖν
926 1971 975 2052 εἰς
997 1972 1093 2040 4414144
1116 1975 1395 2064 ootetorpe'povnw,

220 2067 303 2153 quod
321 2068 525 2135 confirmatur
541 2067 676 2150 legibus,
701 2087 783 2175 quae
807 2075 938 2134 exstant
961 2069 1060 2134 444444
1084 2067 1309 2136 Andaniaet
1277 2076 1309 2142 44
1332 2068 1395 2154 Ly-

219 2178 351 2225 eosurae
386 2150 977 2241 ((1411.1)-1.4489.Ἐφημ.α’44.
1018 2160 1108 2224 1898
1141 2160 1230 2239 249)
1291 2161 1396 2262 Atque

220 2247 304 2331 quod
332 2247 414 2313 Ρ1444.
443 2249 495 2312 33.
524 2249 567 2311 84
595 2246 706 2312 refert:
743 2247 885 2330 ,Aurum
920 2246 1064 2329 pluribus
1099 2246 1203 2313 modis
1233 2248 1333 2330 pollet
1360 2250 1393 2313 44

220 2336 380 2417 remediis,
411 2337 646 2421 volneratisque
671 2340 703 2400 44
726 2335 902 2401 infantibus
926 2334 1118 2419 adplicatur,
1149 2346 1184 2405 ut
1208 2339 1310 2403 minus
1334 2358 1394 2404 no·

220 2433 314 2494 ceant
337 2447 418 2510 quae
440 2427 616 2494 inferantur
640 2422 812 2492 4444411444ιι
838 2426 893 2490 vix
917 2425 1002 2492 44144
1022 2427 1178 2508 originem
1197 2428 1397 2510 superstitio-

218 2537 297 2584 sam.
330 2514 441 2602 Neque
465 2535 528 2583 non
553 2519 585 2582 44
611 2516 680 2582 4444
705 2535 884 2582 averrunca
908 2515 1028 2582 1444444
1052 2526 1112 2599 444,
1135 2527 1171 2581 44
1195 2517 1390 2598 bracteolas,

220 2629 301 2693 quae
314 2608 456 2674 vestibus
468 2614 663 2674 mortuorum
681 2605 724 2671 ad
742 2605 914 2672 daemones
932 2605 1165 2689 propulsandos
1183 2608 1396 2674 assuebantur

219 2704 260 2780 (4.
286 2719 316 2781 p.
342 2701 398 2778 21)
420 2699 609 2780 saepissime
632 2695 746 2764 fierent
769 2717 810 2761 ex
834 2716 922 2762 auro.

309 2787 383 2855 dam
412 2788 524 2855 existit
511 2787 703 2874 tquaestio,
732 2792 805 2852 utra
827 2787 870 2854 sit
856 2786 1053 2870 tantiquior
1076 2786 1188 2852 harum
1212 2787 1395 2873 opinionum

171 2942 178 2958 ,
219 2898 257 2944 44
274 2899 349 2942 num
365 2876 432 2942 fieri
450 2879 562 2963 possit,
538 2885 615 2946 tut
629 2876 688 2941 hoc
705 2876 884 2961 symbolum
901 2897 942 2942 ex
958 2876 1005 2942 alt
992 2884 1063 2942 tera
1080 2897 1187 2942 earum
1206 2875 1393 2944 derivemus

220 3007 257 3017 -—
292 2968 355 3032 Res
384 2987 486 3033 novae
515 2987 616 3052 nuper
644 2967 794 3032 inventae
823 2965 911 3030 vel'
902 2973 1097 3052 importatae
1125 2966 1228 3051 primo
1257 2967 1395 3071 simplici

218 3057 379 3123 hominum
404 3055 594 3123 incultorum
625 3057 724 3122 menti
698 3051 811 3122 44444
835 3055 939 3120 solum
965 3057 1191 3159 suspicionem,
1217 3054 1329 3122 44414
1297 3058 1393 3123 etiam

219 3154 335 3212 metum
360 3146 589 3232 praebentt,u
575 3144 920 3214 dtocemuvmoribus
945 3148 1087 3224 gentium
1104 3145 1256 3228 serarum,
1280 3147 1394 3230 quibus

218 3245 290 3304 nost
293 3257 328 3302 ra
360 3236 487 3302 demum
523 3237 679 3302 memoria
714 3231 766 3301 444
801 3235 892 3300 44444
921 3235 1152 3301 usitatissimae
1179 3238 1394 3319 innotuerunt,

218 3327 273 3410 (41.
292 3347 373 3412 4444
389 3326 443 3393 Fr.
461 3325 501 3392 de
518 3327 578 3393 hoc
595 3346 698 3391 rerum
715 3344 867 3398 novarum
884 3326 997 3391 4444444
1014 3323 1132 3409 (dread
1147 3324 1199 3390 44
1191 3345 1309 3391 444444
1311 3328 1393 3410 tion)

217 3417 322 3484 adfert
356 3439 388 3504 p.
413 3415 477 3481 346
514 3419 564 3501 sq)
600 3436 679 3499 quas
715 3423 799 3481 mer
834 3416 1005 3503 praecipue
1042 3414 1175 3481 metalla
1199 3422 1283 3484 sunt.
1260 3416 1392 3484 tPro

217 3508 400 3574 auctoribus
425 3528 465 3572 au
468 3512 529 3572 tem
557 3506 646 3571 huius
672 3519 772 3572 metus
794 3504 966 3572 daemones
984 3505 1189 3611 accipiebant
1190 3526 1237 3587 ur,
1261 3527 1391 3593 quorum

216 3598 248 3663 44
273 3596 399 3665 41444444
423 3597 555 3664 metalla
578 3604 685 3663 essent
688 3597 804 3681 q,uin
833 3597 930 3662 etiam
954 3597 1033 3700 44444
1057 3597 1164 3660 444444
1187 3599 1345 3681 44444444
1346 3619 1392 3679 ur,

218 3709 246 3752 4.
272 3687 480 3755 Aristotelem
504 3709 562 3793 ap
582 3686 697 3773 Porpb.
718 3686 753 3748 V.
779 3684 814 3750 Ρ.
839 3684 939 3767 §412
966 3679 1023 3746 4414
1046 3678 1093 3744 ὁ
1076 3704 1111 3744 εκ
1134 3680 1255 3762 χαλκοῦ
1278 3706 1392 3771 κρουο-

215 3771 315 3854 μένου
344 3773 511 3856 γενόμενον
542 3795 618 3858 ηχον
642 3768 752 3860 44444414
777 3763 859 3834 εἶναι
883 3793 971 3846 τινος
993 3774 1058 3833 ecda
1083 3769 1278 3876 δαιμόν4ν
1261 3795 1392 3838 averrat

216 3860 381 3950 lrpqca'von
408 3867 469 3926 4414
499 3861 632 3944 χαλκῶι,
657 3862 740 3948 quod
768 3882 960 3947 quamquam
979 3877 1142 3940 μυστικωι
1164 3858 1293 3942 apenos
1310 3881 1392 3942 συμ-

216 3951 358 4035 44444444
387 3954 602 4040 Pythagoram
634 3951 755 4018 dixisse
782 3951 978 4036 Porphyrius
1008 3948 1184 4032 confirmat,
1220 3961 1328 4019 tamen
1358 3972 1391 4017 ro

215 4064 292 4111 vora
316 4044 385 4109 sine
402 4044 498 4109 dubio
515 4064 556 4109 ex
573 4042 775 4125 opinionibus
796 4040 973 4108 rudissimis
995 4048 1097 4107 ortum
1122 4048 1180 4121 est,
1157 4043 1242 4110 441
1261 4041 1390 4119 1144444,

215 4134 314 4201 Folk-
317 4133 400 4200 Lore
427 4137 554 4201 1.149.
602 4131 824 4217 Quaecumque
853 4153 892 4197 au
894 4139 958 4198 tem
984 4151 1053 4197 cum
1079 4128 1287 4198 daemonibus
1312 4153 1390 4216 qua-

216 4225 296 4290 libet
326 4225 449 4291 ratione
479 4222 728 4290 cohaerebant
719 4244 752 4287 rn
783 4222 903 4304 templa
927 4221 1043 4286 inferre
1066 4219 1117 4285 vel
1140 4217 1183 4284 ad
1207 4244 1257 4290 res
1281 4242 1391 4288 444444

218 4313 385 4382 1444444144
407 4312 562 4380 adhibere
580 4312 669 4379 nefas
693 4318 818 4379 444444
842 4311 1009 4395 piaculum.
1047 4308 1128 4387 Quin
1152 4313 1249 4379 etiam
1272 4313 1390 4379 lustra-

216 4406 318 4472 tiones
348 4404 468 4471 fiebant
499 4401 585 4488 apud
612 4403 729 4468 fratres
753 4402 900 4487 Arvales,
937 4404 963 4468 si
994 4398 1121 4486 quando
1146 4398 1179 4463 iu
1203 4402 1273 4469 luco
1297 4423 1389 4469 sacro

216 4495 307 4560 Deae
323 4494 406 4560 Diae
431 4493 644 4561 necessarium
669 4493 774 4558 luerat
797 4492 1021 4576 inscriptiones
1044 4492 1264 4560 instrumentis
1280 4493 1390 4558 ferreis

216 4583 352 4650 insculpi
390 4583 422 4620 ⁶³
454 4583 592 4664 ucuzen,
617 4589 691 4648 acta
715 4582 751 4646 14.
777 4602 843 4648 444.
869 4603 898 4665 p.
929 4585 991 4646 128
1007 4583 1114 4662 --135,
1138 4596 1177 4644 ac
1200 4584 1228 4647 si
1252 4584 1317 4648 iam
1341 4582 1389 4647 144
