3268 5050
193 251 242 314 14'

191 455 310 512 certum
335 445 495 530 quendam
521 446 615 513 deum
640 447 833 531 pertinente.
881 447 1015 534 Corona,
1039 459 1074 517 ut
1098 473 1139 518 ex
1163 451 1243 517 Plin.
1275 445 1323 514 16,
1337 448 1369 534 9,

190 538 421 618 cognoscimus,
447 537 624 621 antiquitus
649 538 700 601 dei
726 555 798 601 esse
822 537 944 623 deoque
967 542 1020 606 uni
1046 542 1214 607 conuenire
1231 543 1370 628 putaba-

191 641 242 689 tur
267 633 299 690 et
323 633 491 692 coronatus
515 626 575 692 deo
592 632 641 692 est
662 641 876 711 consecratus,
902 628 942 695 cf.
960 629 1045 697 lert.
1071 631 1111 696 de
1135 651 1252 698 corona
1275 632 1367 698 milit.

195 718 242 778 10.
268 713 390 797 Rohde,
416 714 467 781 Ps.
487 714 511 796 l,
537 718 626 778 2202.
651 715 752 796 Igitur
775 716 814 800 is,
839 719 892 802 qui
919 739 1069 786 coronam
1092 720 1198 804 laesit,
1223 720 1282 788 deo
1308 723 1371 808 ipsi

190 805 341 870 iniuriam
371 805 480 870 intulit
508 814 603 889 atque
631 805 746 872 timeat
782 818 972 892 necesseest,
1006 831 1048 876 ne
1082 809 1137 878 dei
1171 811 1231 877 boc
1264 813 1369 879 scelus

189 893 399 960 ulciscantur.

618 1071 940 1088 m

280 1199 575 1267 Animadvertimus
604 1220 712 1268 eorum
742 1204 970 1288 symbolorum,
1001 1224 1083 1288 quae
1114 1205 1156 1272 ad
1186 1228 1237 1274 res
1260 1227 1369 1275 sacras

190 1291 364 1375 pertinent,
395 1290 497 1356 multa
524 1309 583 1375 per
611 1311 647 1358 se
677 1292 773 1357 facile
801 1294 941 1379 perspici
970 1313 1065 1381 posse
1093 1316 1196 1381 neque
1220 1297 1370 1364 uberiore

190 1397 302 1444 eorum
329 1380 594 1465 interpretatione
617 1400 697 1466 opus
721 1400 804 1447 esse.
851 1381 956 1464 Magis
980 1380 1102 1449 arduae
1125 1393 1222 1469 atque
1245 1387 1371 1468 longin-

194 1487 277 1552 quae
305 1488 363 1535 eae
392 1477 467 1535 sunt
491 1469 573 1551 viae,
605 1489 682 1554 quas
707 1471 855 1536 nunciam
881 1471 1067 1539 affectemus
1092 1472 1134 1536 ad
1159 1493 1198 1538 ea
1222 1475 1370 1560 symbola

193 1557 399 1643 explicanda,
424 1579 505 1643 quae
529 1558 731 1626 advitam
756 1561 1006 1628 cotidianam
1031 1569 1188 1648 spectant.

515 1734 565 1808 A.
588 1734 650 1806 De
675 1733 784 1805 cibis
806 1733 1045 1810 reiciendis.

195 1846 249 1928 il)
273 1840 406 1926 κυάμων
428 1841 626 1926 artaxerces.
643 1849 777 1915 Aristot.
791 1869 844 1935 ap.
857 1849 952 1933 Diog.
964 1849 1000 1916 L.
1015 1854 1045 1916 8.
1060 1853 1113 1916 34.
1160 1849 1369 1938 Androcydes

192 1959 245 2023 ap.
270 1937 415 2004 Ps-Plut.
441 1937 482 2003 de
506 1938 563 2004 lib.
589 1936 678 2006 educ.
707 1942 756 2004 12.
782 1939 876 2020 Diog.
902 1939 938 2006 L.
963 1943 995 2004 8.
1024 1945 1073 2006 18.
1122 1939 1242 2008 dambl.
1266 1942 1369 2011 Protr.

192 2030 245 2091 21.
271 2027 308 2093 V.
333 2027 369 2093 P.
399 2031 470 2094 109.
517 2027 650 2114 Hippol.
676 2027 745 2094 Rei.
771 2030 801 2094 6.
828 2033 880 2094 27.
929 2030 1023 2112 Diog.
1047 2029 1085 2096 L.
1110 2035 1139 2095 8.
1166 2034 1220 2114 33,
1244 2034 1275 2098 8.
1301 2035 1353 2098 23,

279 2134 380 2201 Prisci
407 2137 471 2200 iam
495 2133 567 2200 Indi
584 2136 667 2200 fabis
683 2156 784 2221 neque
799 2137 832 2200 in
849 2136 1061 2203 sacrificando
1077 2138 1249 2204 utebantur
1264 2160 1367 2225 neque

191 2246 260 2290 cum
287 2225 329 2291 ad
354 2243 448 2290 sacra
464 2223 615 2290 iacienda
631 2245 665 2290 se
683 2226 926 2311 praeparabant
943 2226 1162 2293 vescebantur.
1181 2225 1366 2312 (Schrbder,

189 2313 282 2396 Pyth.
307 2336 337 2379 n.
363 2313 393 2378 d.
417 2312 514 2380 Inder
536 2336 568 2401 p.
586 2316 652 2392 35).
700 2314 743 2380 Et
766 2314 946 2381 Herodotus
970 2319 1000 2380 2.
1018 2319 1059 2380 37
1085 2317 1198 2384 refert:
1221 2309 1370 2396 κυάμους

189 2399 226 2464 δὲ
254 2397 328 2467 oilae
354 2424 387 2464 τι
416 2398 505 2482 μάλα
533 2399 709 2488 σπείρουσι
734 2398 924 2484 Αἰγύπτιοι
953 2399 987 2465 ἐν
1009 2405 1063 2489 ιῆι
1088 2399 1202 2492 χώρηι,
1234 2402 1312 2480 τούς
1334 2427 1370 2468 τε

189 2488 377 2574 γινομένους
408 2487 483 2554 οὔτε
511 2486 675 2577 τρώγουσι
707 2487 782 2556 οἴνο
809 2489 947 2578 ἕψοντες
977 2490 1161 2558 πατέονται.
1208 2492 1239 2559 οἱ
1268 2492 1306 2558 δὲ
1329 2491 1369 2581 δὴ

190 2575 378 2667 ἰρέεςοῦδὲ
402 2577 542 2667 ὁρῶντες
565 2576 744 2660 οἷνὲχονται,
769 2580 955 2662 νομίζοντες
980 2577 1019 2646 οὐ
1042 2580 1189 2668 καθαρόν
1212 2575 1295 2647 εἶναι’
1311 2607 1370 2665 μιν

192 2667 341 2758 ὄσπριον.
372 2672 520 2738 Eundem
546 2673 576 2737 in
603 2673 732 2738 modum
756 2672 844 2759 apud
868 2673 1008 2740 Graecos
1033 2681 1066 2740 et
1088 2674 1250 2742 Romanos
1274 2676 1370 2742 labae

192 2771 224 2830 et
247 2785 268 2830 a
292 2764 439 2849 personis
469 2773 502 2829 et
525 2783 545 2828 a
569 2762 663 2828 rebus
688 2764 790 2830 sacris
814 2763 942 2830 alienae
966 2784 1037 2831 esse
1060 2764 1267 2850 putabantur.
1315 2766 1370 2832 Sic

191 2861 223 2918 et
245 2852 403 2919 Eleusinii
433 2851 622 2936 et;0rphici
656 2859 780 2936 mystae
814 2853 898 2918 fabis
927 2852 1135 2920 abstinebant
1163 2854 1297 2940 (Porph.
1329 2854 1370 2920 de

191 2943 273 3009 abst.
299 2946 329 3009 4.
359 2943 408 3007 16.
431 2964 464 3027 p.
490 2944 565 3005 255.
583 2944 603 3005 4
620 2939 784 3008 N.²Paus.
813 2946 839 3004 1.
865 2945 917 3006 37.
943 2945 973 3006 3.
998 2940 1119 3008 Rohdo.
1144 2942 1195 3008 Ps.
1221 2947 1251 3007 2.
1281 2943 1369 3023 126),

192 3033 389 3118 quinetiam
415 3030 635 3097 Artemidorus
664 3030 830 3098 contendit
854 3030 900 3113 (1.
927 3029 993 3111 51);
1032 3023 1140 3115 πάσης
1163 3028 1294 3115 τελετῆς
1316 3027 1368 3091 καὶ

193 3115 315 3195 corrig
339 3115 432 3204 ἱεροῦ
454 3110 658 3204 ἅπελήλαται
683 3142 712 3186 r.
740 3120 846 3187 Laert.
874 3119 966 3202 Diog.
991 3123 1022 3184 8.
1048 3122 1100 3184 33.
1147 3117 1289 3185 Flamini
1312 3119 1370 3184 Di-

193 3212 248 3294 ali,
272 3213 360 3277 cuius
384 3208 597 3276 sacerdotium
622 3217 723 3276 totum
747 3209 956 3290 religionibus
979 3209 1206 3275 uetustissimis
1223 3215 1370 3294 saeptum

193 3309 252 3382 est,
271 3300 413 3368 Varrone
437 3308 566 3366 auctore
583 3299 693 3365 labam
718 3318 776 3364 nec
799 3306 933 3380 tangere
956 3317 1016 3363 nec
1038 3299 1205 3364 nominare
1228 3300 1277 3364 las
1301 3307 1371 3365 erat

193 3390 290 3472 (Plin.
320 3393 368 3454 18.
390 3391 475 3472 119,
500 3389 615 3455 Festus
638 3409 668 3476 p.
695 3389 808 3453 62.14
832 3387 899 3470 Th,
926 3387 1237 3463 6611161512).
1268 3391 1371 3471 Atque

194 3502 234 3545 ex
258 3480 353 3547 rebus
377 3479 478 3545 sacris
494 3477 708 3544 Romanorum
728 3479 819 3545 huius
844 3478 1009 3559 religionis
1035 3496 1164 3543 causam
1182 3477 1370 3558 intellegere

192 3571 377 3657 poterimus.
426 3568 522 3654 Apud
547 3588 601 3633 eos
626 3569 711 3633 enirn
734 3569 829 3635 sabae
852 3568 1025 3654 plurimum
1049 3565 1205 3632 valebant
1226 3569 1260 3632 in
1284 3566 1371 3632 cultu

193 3667 399 3738 mortuorum.
436 3657 633 3724 Testimonia
656 3659 847 3742 scriptorum
872 3659 1084 3741 antiquorum,
1110 3677 1191 3740 quae
1214 3657 1275 3721 huc
1298 3676 1371 3741 per-

195 3751 306 3829 tinent,
323 3747 452 3814 (lrusius
466 3747 597 3828 collegit
610 3746 683 3821 (Rh.
698 3747 777 3812 llus.
792 3750 844 3814 39.
863 3745 927 3810 164
939 3746 1014 3831 sq.),
1030 3764 1161 3831 quorum
1179 3745 1371 3826 gravissima

195 3839 312 3905 resero:
336 3837 471 3904 Romani
490 3857 518 3900 a.
534 3836 565 3900 d.
584 3835 651 3901 Vll.
668 3835 704 3900 V.
718 3834 772 3901 Ill.
797 3835 840 3902 Id.
872 3837 953 3901 lllai:
977 3835 1371 3916 Lemuriacelebrabant,

195 3928 373 4014 dequibus
398 3928 508 4009 Varro,
534 3925 573 3991 de
598 3927 666 3991 vita
688 3946 763 4012 pop.
780 3925 870 3991 Rom.
896 3925 919 4006 l,
944 3923 1032 4010 apud
1054 3921 1135 3990 Non.
1160 3943 1191 4010 p.
1220 3926 1292 3988 104.
1321 3927 1371 3990 15.

195 4017 244 4084 Μ.
268 4017 380 4085 refert:
408 4015 541 4100 ,quibus
557 4015 754 4102 temporibus
777 4015 809 4080 in
834 4016 935 4081 sacris
951 4014 1058 4080 labam
1084 4014 1208 4080 iactant
1222 4022 1317 4081 noctu
1332 4032 1371 4078 ac

196 4108 307 4175 dicunt
330 4127 366 4173 se
383 4106 547 4172 lemurios
572 4104 608 4186 (i.
626 4126 653 4171 e.
671 4106 796 4172 animas
812 4105 1032 4171 defunctorum
1051 4103 1091 4170 cf.
1109 4102 1277 4182 Wissowa,
1300 4101 1370 4169 Rel.

196 4219 227 4283 p.
252 4197 290 4263 R.
315 4218 348 4283 p.
377 4199 447 4264 189.
465 4193 502 4277 8)
527 4193 621 4261 domo
646 4202 740 4261 extra
763 4197 892 4260 ianuam
916 4191 1051 4261 eicere“.
1097 4192 1229 4260 Ovidius
1253 4193 1326 4260 fast.
1340 4195 1369 4256 5.

196 4286 261 4352 (135
291 4307 338 4372 sq.
367 4287 471 4373 ipsum
504 4285 644 4351 familias
672 4292 798 4372 patrem
829 4283 989 4370 quendam
1017 4282 1143 4350 inducit
1171 4284 1251 4350 haec
1278 4301 1372 4348 sacra

196 4380 420 4459 teragentem:

305 4486 438 4551 cumque
462 4486 574 4532 manus
596 4485 694 4551 puras
716 4466 849 4532 fontana
872 4465 992 4551 perluit
1014 4461 1101 4528 unda

305 4558 438 4623 vertitur
455 4564 487 4624 et
502 4557 612 4639 nigras
641 4556 760 4644 accipit
782 4563 859 4623 ante
882 4556 985 4640 sabas,
